<collection xmlns="http://www.loc.gov/MARC21/slim">
<record>
  <leader>00584nz  a2200169n  4500</leader>
  <controlfield tag="001">11257122</controlfield>
  <controlfield tag="003">DLC</controlfield>
  <controlfield tag="005">20200102112527.0</controlfield>
  <controlfield tag="008">200102n| azannaabn          |n aaa      </controlfield>
  <datafield tag="010" ind1=" " ind2=" ">
    <subfield code="a">n 2020000064</subfield>
  </datafield>
  <datafield tag="040" ind1=" " ind2=" ">
    <subfield code="a">DLC</subfield>
    <subfield code="b">eng</subfield>
    <subfield code="e">rda</subfield>
    <subfield code="c">DLC</subfield>
  </datafield>
  <datafield tag="100" ind1="1" ind2=" ">
    <subfield code="a">Krimes, Donald Luther,</subfield>
    <subfield code="d">1949-</subfield>
  </datafield>
  <datafield tag="370" ind1=" " ind2=" ">
    <subfield code="a">Ephrata (Pa. : Township)</subfield>
    <subfield code="2">naf</subfield>
  </datafield>
  <datafield tag="373" ind1=" " ind2=" ">
    <subfield code="a">United States. Army</subfield>
    <subfield code="2">naf</subfield>
  </datafield>
  <datafield tag="374" ind1=" " ind2=" ">
    <subfield code="a">Soldiers</subfield>
    <subfield code="2">lcsh</subfield>
  </datafield>
  <datafield tag="374" ind1=" " ind2=" ">
    <subfield code="a">Veterans</subfield>
    <subfield code="2">lcsh</subfield>
  </datafield>
  <datafield tag="670" ind1=" " ind2=" ">
    <subfield code="a">The unknown Vietnam veteran, 2015:</subfield>
    <subfield code="b">title page (Donald Luther Krimes) p. iii (born 1949 in Ephrata, Pa.; drafted into U.S. Army 1967 and served in the Vietnam War)</subfield>
  </datafield>
</record>