
<record>
  <leader>00384cz  a2200133n  4500</leader>
  <controlfield tag="001">11257123</controlfield>
  <controlfield tag="003">DLC</controlfield>
  <controlfield tag="005">20200102112705.0</controlfield>
  <controlfield tag="008">200102n| azannaabn          |a aaa     d</controlfield>
  <datafield tag="010" ind1=" " ind2=" ">
    <subfield code="a">n 2020000066</subfield>
  </datafield>
  <datafield tag="040" ind1=" " ind2=" ">
    <subfield code="a">DLC</subfield>
    <subfield code="b">eng</subfield>
    <subfield code="c">DLC</subfield>
    <subfield code="e">rda</subfield>
  </datafield>
  <datafield tag="100" ind1="1" ind2=" ">
    <subfield code="a">Baráth, Tibor,</subfield>
    <subfield code="d">1906-1992.</subfield>
    <subfield code="t">Early Hungarians.</subfield>
    <subfield code="l">Hungarian</subfield>
  </datafield>
  <datafield tag="400" ind1="1" ind2=" ">
    <subfield code="a">Baráth, Tibor,</subfield>
    <subfield code="d">1906-1992.</subfield>
    <subfield code="t">Korai magyarok</subfield>
  </datafield>
  <datafield tag="670" ind1=" " ind2=" ">
    <subfield code="a">A korai magyarok, 2018</subfield>
  </datafield>
</record>