
<record>
  <leader>00902nz  a2200217n  4500</leader>
  <controlfield tag="001">11257125</controlfield>
  <controlfield tag="003">DLC</controlfield>
  <controlfield tag="005">20200102113758.0</controlfield>
  <controlfield tag="008">200102n| azannaabn          |b aaa      </controlfield>
  <datafield tag="010" ind1=" " ind2=" ">
    <subfield code="a">n 2020000068</subfield>
  </datafield>
  <datafield tag="040" ind1=" " ind2=" ">
    <subfield code="a">DLC</subfield>
    <subfield code="b">eng</subfield>
    <subfield code="c">DLC</subfield>
    <subfield code="e">rda</subfield>
  </datafield>
  <datafield tag="100" ind1="1" ind2=" ">
    <subfield code="a">Hryhorova, L. S.</subfield>
    <subfield code="q">(Larysa Serhiïvna)</subfield>
  </datafield>
  <datafield tag="375" ind1=" " ind2=" ">
    <subfield code="a">female</subfield>
  </datafield>
  <datafield tag="377" ind1=" " ind2=" ">
    <subfield code="a">ukr</subfield>
  </datafield>
  <datafield tag="378" ind1=" " ind2=" ">
    <subfield code="q">Larysa Serhiïvna</subfield>
  </datafield>
  <datafield tag="400" ind1="1" ind2=" ">
    <subfield code="a">Hryhorova, Larysa Serhiïvna</subfield>
  </datafield>
  <datafield tag="400" ind1="1" ind2=" ">
    <subfield code="a">Григорова, Л. С.</subfield>
    <subfield code="q">(Лариса Сергіївна)</subfield>
  </datafield>
  <datafield tag="400" ind1="1" ind2=" ">
    <subfield code="a">Григорова, Лариса Сергіївна</subfield>
  </datafield>
  <datafield tag="667" ind1=" " ind2=" ">
    <subfield code="a">Non-Latin script reference not evaluated.</subfield>
  </datafield>
  <datafield tag="670" ind1=" " ind2=" ">
    <subfield code="a">Orhanizat︠s︡ii︠a︡ sot︠s︡ialʹno-pedahohichnoï dii︠a︡lʹnosti z obdarovanymy ditʹmy v Ukraïni, 2013:</subfield>
    <subfield code="b">title page (Григорова Л.С. =  Hryhorova L.S.) colophon (Григорова Лариса Сергіївна = Hryhorova Larysa Serhiïvna)</subfield>
  </datafield>
  <datafield tag="953" ind1=" " ind2=" ">
    <subfield code="a">fc04</subfield>
  </datafield>
</record>