
<record>
  <leader>00451cz  a2200145n  4500</leader>
  <controlfield tag="001">11257126</controlfield>
  <controlfield tag="003">DLC</controlfield>
  <controlfield tag="005">20200102113956.0</controlfield>
  <controlfield tag="008">200102n| azannaabn          |n aaa      </controlfield>
  <datafield tag="010" ind1=" " ind2=" ">
    <subfield code="a">n 2020000069</subfield>
  </datafield>
  <datafield tag="040" ind1=" " ind2=" ">
    <subfield code="a">DLC</subfield>
    <subfield code="b">eng</subfield>
    <subfield code="e">rda</subfield>
    <subfield code="c">DLC</subfield>
  </datafield>
  <datafield tag="100" ind1="1" ind2=" ">
    <subfield code="a">Ritz, Nico</subfield>
  </datafield>
  <datafield tag="372" ind1=" " ind2=" ">
    <subfield code="a">Law</subfield>
    <subfield code="2">lcsh</subfield>
  </datafield>
  <datafield tag="374" ind1=" " ind2=" ">
    <subfield code="a">Lawyers</subfield>
    <subfield code="2">lcsh</subfield>
  </datafield>
  <datafield tag="670" ind1=" " ind2=" ">
    <subfield code="a">Vorläufige Kontenpfändung in Europa, 2019:</subfield>
    <subfield code="b">title page (Nico Ritz) t.p. verso (Ph.D. from Univ. Konstanz, 2013) p. [4] (Lawyer in Hamburg)</subfield>
  </datafield>
</record>