
<record>
  <leader>00340nz  a2200121n  4500</leader>
  <controlfield tag="001">11257127</controlfield>
  <controlfield tag="003">DLC</controlfield>
  <controlfield tag="005">20200102114152.0</controlfield>
  <controlfield tag="008">200102n| azannaabn          |n aaa      </controlfield>
  <datafield tag="010" ind1=" " ind2=" ">
    <subfield code="a">n 2020000070</subfield>
  </datafield>
  <datafield tag="040" ind1=" " ind2=" ">
    <subfield code="a">DLC</subfield>
    <subfield code="b">eng</subfield>
    <subfield code="e">rda</subfield>
    <subfield code="c">D LC</subfield>
  </datafield>
  <datafield tag="100" ind1="1" ind2=" ">
    <subfield code="a">Harris, Ashley</subfield>
    <subfield code="c">(Nova editor)</subfield>
  </datafield>
  <datafield tag="670" ind1=" " ind2=" ">
    <subfield code="a">An introduction to melamine, 2020:</subfield>
    <subfield code="b">ECIP title page (Ashley Harris)</subfield>
  </datafield>
</record>