
<record>
  <leader>00671nz  a2200157n  4500</leader>
  <controlfield tag="001">11257128</controlfield>
  <controlfield tag="003">DLC</controlfield>
  <controlfield tag="005">20200102114335.0</controlfield>
  <controlfield tag="008">200102n| azannaabn          |a aaa      </controlfield>
  <datafield tag="010" ind1=" " ind2=" ">
    <subfield code="a">n 2020000071</subfield>
  </datafield>
  <datafield tag="040" ind1=" " ind2=" ">
    <subfield code="a">DLC</subfield>
    <subfield code="b">eng</subfield>
    <subfield code="c">DLC</subfield>
    <subfield code="e">rda</subfield>
  </datafield>
  <datafield tag="100" ind1="1" ind2=" ">
    <subfield code="a">Zohrabyan, Ē. A.</subfield>
    <subfield code="q">(Ēdik Artemi),</subfield>
    <subfield code="d">1939-2013.</subfield>
    <subfield code="t">Sharur-Nakhijevaně 1918-1919 tʻtʻ.</subfield>
    <subfield code="l">Russian</subfield>
  </datafield>
  <datafield tag="400" ind1="1" ind2=" ">
    <subfield code="a">Zohrabyan, Ē. A.</subfield>
    <subfield code="q">(Ēdik Artemi),</subfield>
    <subfield code="d">1939-2013.</subfield>
    <subfield code="t">Sharur-Nakhichevan v 1918-1919 gg.</subfield>
  </datafield>
  <datafield tag="400" ind1="1" ind2=" ">
    <subfield code="a">Zohrabyan, Ē. A.</subfield>
    <subfield code="q">(Ēdik Artemi),</subfield>
    <subfield code="d">1939-2013.</subfield>
    <subfield code="t">Sharur-Nakhijevaně 1918-1919 tʻtʻ. :</subfield>
  </datafield>
  <datafield tag="670" ind1=" " ind2=" ">
    <subfield code="a">Sharur-Nakhichevan v 1918-1919 gg., 2012:</subfield>
    <subfield code="b">added title page (Sharur-Nakhijevaně 1918-1919 tʻtʻ. :)</subfield>
  </datafield>
  <datafield tag="953" ind1=" " ind2=" ">
    <subfield code="a">cd24</subfield>
  </datafield>
</record>