
<record>
  <leader>00372nz  a2200133n  4500</leader>
  <controlfield tag="001">11257129</controlfield>
  <controlfield tag="003">DLC</controlfield>
  <controlfield tag="005">20200102114642.0</controlfield>
  <controlfield tag="008">200102n| azannaabn          |a aaa      </controlfield>
  <datafield tag="010" ind1=" " ind2=" ">
    <subfield code="a">n 2020000072</subfield>
  </datafield>
  <datafield tag="040" ind1=" " ind2=" ">
    <subfield code="a">DLC</subfield>
    <subfield code="b">eng</subfield>
    <subfield code="e">rda</subfield>
    <subfield code="c">DLC</subfield>
  </datafield>
  <datafield tag="100" ind1="1" ind2=" ">
    <subfield code="a">Melville, Herman,</subfield>
    <subfield code="d">1819-1891.</subfield>
    <subfield code="t">Moby Dick.</subfield>
    <subfield code="l">Arabic</subfield>
  </datafield>
  <datafield tag="400" ind1="1" ind2=" ">
    <subfield code="a">Melville, Herman,</subfield>
    <subfield code="d">1819-1891.</subfield>
    <subfield code="t">Mawbī Dīk</subfield>
  </datafield>
  <datafield tag="670" ind1=" " ind2=" ">
    <subfield code="a">Mawbī Dīk, 1965</subfield>
  </datafield>
</record>