
<record>
  <leader>01400nz  a2200157n  4500</leader>
  <controlfield tag="001">11257130</controlfield>
  <controlfield tag="003">DLC</controlfield>
  <controlfield tag="005">20200102114856.0</controlfield>
  <controlfield tag="008">200102n| adannaabn           n ana      </controlfield>
  <datafield tag="010" ind1=" " ind2=" ">
    <subfield code="a">n 2020000062</subfield>
  </datafield>
  <datafield tag="040" ind1=" " ind2=" ">
    <subfield code="a">DLC</subfield>
    <subfield code="b">eng</subfield>
    <subfield code="e">rda</subfield>
    <subfield code="c">DLC</subfield>
  </datafield>
  <datafield tag="111" ind1="2" ind2=" ">
    <subfield code="a">Fundamental Rights and Conflicts Among Rights (Symposium)</subfield>
    <subfield code="d">(2018 :</subfield>
    <subfield code="c">Libera università &quot;Maria SS. Assunta&quot;)</subfield>
  </datafield>
  <datafield tag="373" ind1=" " ind2=" ">
    <subfield code="a">Fondazione vaticana Joseph Ratzinger - Benedetto XVI</subfield>
    <subfield code="2">naf</subfield>
  </datafield>
  <datafield tag="373" ind1=" " ind2=" ">
    <subfield code="a">Libera università &quot;Maria SS. Assunta&quot;</subfield>
    <subfield code="2">naf</subfield>
  </datafield>
  <datafield tag="670" ind1=" " ind2=" ">
    <subfield code="a">Fundamental rights and conflicts among rights, 2020:</subfield>
    <subfield code="b">ECIP galley (Every year the Joseph Ratzinger - Benedict XVI Vatican Foundation sponsors, in collaboration with a different university, an international conference on a theme that has considerable cultural relevance and current interest; conferences alternate annually, one in Rome and one abroad; in 2018, in collaboration with the Roman University LUMSA - in particular with its Faculty of Jurisprudence - we decided to tackle that of &quot;human rights&quot;; Eighth Symposium of the Ratzinger-Benedict XVI Foundation, Rome, 16 November 2018)</subfield>
  </datafield>
  <datafield tag="670" ind1=" " ind2=" ">
    <subfield code="a">Catholic News Agency (via Internet), Nov. 15, 2018</subfield>
    <subfield code="b">(a Nov. 15-16 international symposium in Rome; the symposium, which is on the theme of &quot;fundamental rights and conflicts between rights,&quot; is being organized by the Joseph Ratzinger-Benedict XVI foundation; being held at LUMSA, a Catholic university in Rome)</subfield>
  </datafield>
</record>