
<record>
  <leader>00482cz  a2200133n  4500</leader>
  <controlfield tag="001">11257131</controlfield>
  <controlfield tag="003">DLC</controlfield>
  <controlfield tag="005">20200102120050.0</controlfield>
  <controlfield tag="008">200102n| azannaabn          |n aaa      </controlfield>
  <datafield tag="010" ind1=" " ind2=" ">
    <subfield code="a">n 2020000074</subfield>
  </datafield>
  <datafield tag="040" ind1=" " ind2=" ">
    <subfield code="a">DLC</subfield>
    <subfield code="b">eng</subfield>
    <subfield code="e">rda</subfield>
    <subfield code="c">DLC</subfield>
  </datafield>
  <datafield tag="100" ind1="1" ind2=" ">
    <subfield code="a">Richter, Florian</subfield>
    <subfield code="c">(Jurist)</subfield>
  </datafield>
  <datafield tag="372" ind1=" " ind2=" ">
    <subfield code="a">Law</subfield>
    <subfield code="2">lcsh</subfield>
  </datafield>
  <datafield tag="670" ind1=" " ind2=" ">
    <subfield code="a">Rechtfertigender Notstand zur Erhaltung von Arbeitsplätzen?, 2019:</subfield>
    <subfield code="b">title page (Florian Richter) t.p. verso (Univ. München, 2017) p. [4] of cover (&quot;in der bayerischen Justiz tätig&quot;)</subfield>
  </datafield>
</record>