
<record>
  <leader>00572nz  a2200157n  4500</leader>
  <controlfield tag="001">11257133</controlfield>
  <controlfield tag="003">DLC</controlfield>
  <controlfield tag="005">20200102120550.0</controlfield>
  <controlfield tag="008">200102n| azannaabn          |n aaa      </controlfield>
  <datafield tag="010" ind1=" " ind2=" ">
    <subfield code="a">n 2020000076</subfield>
  </datafield>
  <datafield tag="040" ind1=" " ind2=" ">
    <subfield code="a">DLC</subfield>
    <subfield code="b">eng</subfield>
    <subfield code="e">rda</subfield>
    <subfield code="c">DLC</subfield>
  </datafield>
  <datafield tag="046" ind1=" " ind2=" ">
    <subfield code="f">1994</subfield>
    <subfield code="2">edtf</subfield>
  </datafield>
  <datafield tag="053" ind1=" " ind2="0">
    <subfield code="a">PS3613.U383</subfield>
  </datafield>
  <datafield tag="100" ind1="1" ind2=" ">
    <subfield code="a">Muhammad, Saudah,</subfield>
    <subfield code="d">1994-</subfield>
  </datafield>
  <datafield tag="670" ind1=" " ind2=" ">
    <subfield code="a">She knows her worth, 2019:</subfield>
    <subfield code="b">title page (Saudah Muhammad)</subfield>
  </datafield>
  <datafield tag="670" ind1=" " ind2=" ">
    <subfield code="a">Copyright catalog, viewed January 2, 2020</subfield>
    <subfield code="b">(Title: She knows her worth ; Authorship on Application: Saudah Muhammad, 1994- ; Domicile: United States; Citizenship: United States)</subfield>
  </datafield>
</record>