
<record>
  <leader>00740nz  a2200169n  4500</leader>
  <controlfield tag="001">11257134</controlfield>
  <controlfield tag="003">DLC</controlfield>
  <controlfield tag="005">20200102120658.0</controlfield>
  <controlfield tag="008">200102n| azannaabn          |n aaa      </controlfield>
  <datafield tag="010" ind1=" " ind2=" ">
    <subfield code="a">n 2020000073</subfield>
  </datafield>
  <datafield tag="040" ind1=" " ind2=" ">
    <subfield code="a">DLC</subfield>
    <subfield code="b">eng</subfield>
    <subfield code="e">rda</subfield>
    <subfield code="c">DLC</subfield>
  </datafield>
  <datafield tag="046" ind1=" " ind2=" ">
    <subfield code="f">1899-07-26</subfield>
    <subfield code="g">1956-07-24</subfield>
    <subfield code="2">edtf</subfield>
  </datafield>
  <datafield tag="100" ind1="1" ind2=" ">
    <subfield code="a">Offutt, Harry A.,</subfield>
    <subfield code="d">1899-1956</subfield>
  </datafield>
  <datafield tag="370" ind1=" " ind2=" ">
    <subfield code="a">Baltimore (Md.)</subfield>
    <subfield code="b">Maryland</subfield>
    <subfield code="c">United States</subfield>
    <subfield code="e">Baltimore (Md.)</subfield>
    <subfield code="2">naf</subfield>
  </datafield>
  <datafield tag="374" ind1=" " ind2=" ">
    <subfield code="a">Composers</subfield>
    <subfield code="a">Lyricists</subfield>
    <subfield code="2">lcdgt</subfield>
  </datafield>
  <datafield tag="670" ind1=" " ind2=" ">
    <subfield code="a">Offutt, H.A. Gone are those youthful days, 1927:</subfield>
    <subfield code="b">cover (words and music by Harry A. Offutt, Baltimore, Maryland)</subfield>
  </datafield>
  <datafield tag="670" ind1=" " ind2=" ">
    <subfield code="a">Find A Grave WWW site, January 2, 2020</subfield>
    <subfield code="b">(Harry A. Offutt, Sr; b. 26 Jul 1899, Baltimore, Maryland; d. 24 Jul. 1956, Maryland)</subfield>
    <subfield code="u">https://www.findagrave.com/memorial/26737567</subfield>
  </datafield>
</record>