
<record>
  <leader>00895nz  a2200121n  4500</leader>
  <controlfield tag="001">11257135</controlfield>
  <controlfield tag="003">DLC</controlfield>
  <controlfield tag="005">20200102121452.0</controlfield>
  <controlfield tag="008">200102n| azannaabn          |n ana      </controlfield>
  <datafield tag="010" ind1=" " ind2=" ">
    <subfield code="a">n 2020000077</subfield>
  </datafield>
  <datafield tag="040" ind1=" " ind2=" ">
    <subfield code="a">DLC</subfield>
    <subfield code="b">eng</subfield>
    <subfield code="c">DLC</subfield>
    <subfield code="e">rda</subfield>
  </datafield>
  <datafield tag="110" ind1="2" ind2=" ">
    <subfield code="a">International Partnership Among Museums</subfield>
  </datafield>
  <datafield tag="670" ind1=" " ind2=" ">
    <subfield code="a">Museum diplomacy, 2020 :</subfield>
    <subfield code="b">eCIP galley (With its origins in the United States, Museums Connect grew out of changes in American museums and grant-making in the twenty-first century. Between 1980 and 2007 the American Association of Museums (AAM changed its name to the American Alliance of Museums in 2012) partnered with the United States Department of State (DOS) to operate the International Partnership Among Museums (IPAM). This robust program connected U.S.-based museum professionals with counterparts in other countries with the goal of sharing best-practices and engaging in individual cultural diplomacy.)</subfield>
  </datafield>
</record>