
<record>
  <leader>00658nz  a2200169n  4500</leader>
  <controlfield tag="001">11257136</controlfield>
  <controlfield tag="003">DLC</controlfield>
  <controlfield tag="005">20200102121900.0</controlfield>
  <controlfield tag="008">200102n| azannaabn          |b aaa      </controlfield>
  <datafield tag="010" ind1=" " ind2=" ">
    <subfield code="a">n 2020000078</subfield>
  </datafield>
  <datafield tag="040" ind1=" " ind2=" ">
    <subfield code="a">DLC</subfield>
    <subfield code="b">eng</subfield>
    <subfield code="c">DLC</subfield>
    <subfield code="e">rda</subfield>
  </datafield>
  <datafield tag="100" ind1="1" ind2=" ">
    <subfield code="a">Grinṿald, Yehoshuʻa ben Daṿid</subfield>
  </datafield>
  <datafield tag="370" ind1=" " ind2=" ">
    <subfield code="f">Brooklyn (New York, N.Y.)</subfield>
    <subfield code="2">naf</subfield>
  </datafield>
  <datafield tag="375" ind1=" " ind2=" ">
    <subfield code="a">Males</subfield>
    <subfield code="2">lcsh</subfield>
  </datafield>
  <datafield tag="400" ind1="1" ind2=" ">
    <subfield code="a">‏גרינוואלד, יהושע בן דוד</subfield>
  </datafield>
  <datafield tag="667" ind1=" " ind2=" ">
    <subfield code="a">Non-Latin script reference not evaluated.</subfield>
  </datafield>
  <datafield tag="670" ind1=" " ind2=" ">
    <subfield code="a">Sefer ʻArugat ha-bośem, 2015:</subfield>
    <subfield code="b">t.p. (יהושע בהר&quot;ר דוד גרינוואלד = Yehoshuʻa b. ha-R. Daṿid Grinṿald; grandson of Mosheh ben ʻAmram Grinṿald; from Brooklyn)</subfield>
  </datafield>
</record>