
<record>
  <leader>00710cz  a2200157n  4500</leader>
  <controlfield tag="001">11257137</controlfield>
  <controlfield tag="003">DLC</controlfield>
  <controlfield tag="005">20200102122552.0</controlfield>
  <controlfield tag="008">200102n| azannaabn          |b aaa      </controlfield>
  <datafield tag="010" ind1=" " ind2=" ">
    <subfield code="a">n 2020000080</subfield>
  </datafield>
  <datafield tag="040" ind1=" " ind2=" ">
    <subfield code="a">DLC</subfield>
    <subfield code="b">eng</subfield>
    <subfield code="c">DLC</subfield>
    <subfield code="e">rda</subfield>
  </datafield>
  <datafield tag="100" ind1="1" ind2=" ">
    <subfield code="a">Grinṿald, Mosheh ben ʻAmram,</subfield>
    <subfield code="d">1853-1910.</subfield>
    <subfield code="t">ʻArugat ha-bośem (Torah, Parashiyot yeme ha-ḳayits)</subfield>
  </datafield>
  <datafield tag="400" ind1="1" ind2=" ">
    <subfield code="a">Grinṿald, Mosheh ben ʻAmram,</subfield>
    <subfield code="d">1853-1910.</subfield>
    <subfield code="t">Sefer ʻArugat ha-bośem</subfield>
  </datafield>
  <datafield tag="400" ind1="1" ind2=" ">
    <subfield code="a">Grinṿald, Mosheh ben ʻAmram,</subfield>
    <subfield code="d">1853-1910.</subfield>
    <subfield code="t">ספר ערוגת הבשם</subfield>
  </datafield>
  <datafield tag="667" ind1=" " ind2=" ">
    <subfield code="a">Non-Latin script reference not evaluated.</subfield>
  </datafield>
  <datafield tag="670" ind1=" " ind2=" ">
    <subfield code="a">ספר ערוגת הבשם = Sefer ʻArugat ha-bośem, 2015:</subfield>
    <subfield code="b">t.p. (לפרשיות ימי הקיץ = le-farashiyot yeme ha-ḳayits)</subfield>
  </datafield>
</record>