
<record>
  <leader>00426cz  a2200121n  4500</leader>
  <controlfield tag="001">11257138</controlfield>
  <controlfield tag="003">DLC</controlfield>
  <controlfield tag="005">20200102122720.0</controlfield>
  <controlfield tag="008">200102n| azannaabn          |n aaa      </controlfield>
  <datafield tag="010" ind1=" " ind2=" ">
    <subfield code="a">n 2020000081</subfield>
  </datafield>
  <datafield tag="040" ind1=" " ind2=" ">
    <subfield code="a">DLC</subfield>
    <subfield code="b">eng</subfield>
    <subfield code="e">rda</subfield>
    <subfield code="c">DLC</subfield>
  </datafield>
  <datafield tag="100" ind1="1" ind2=" ">
    <subfield code="a">Gueneli, Berna</subfield>
  </datafield>
  <datafield tag="670" ind1=" " ind2=" ">
    <subfield code="a">Fatih Akin&apos;s cinema and the new sound of Europe, 2019:</subfield>
    <subfield code="b">title page (Berna Gueneli) page 4 of cover (Assistant Professor of German at the University of Georgia at Athens)</subfield>
  </datafield>
</record>