
<record>
  <leader>00428cz  a2200157n  4500</leader>
  <controlfield tag="001">11257139</controlfield>
  <controlfield tag="003">DLC</controlfield>
  <controlfield tag="005">20200102123453.0</controlfield>
  <controlfield tag="008">200102n| azannaabn          |n aaa      </controlfield>
  <datafield tag="010" ind1=" " ind2=" ">
    <subfield code="a">n 2020000084</subfield>
  </datafield>
  <datafield tag="040" ind1=" " ind2=" ">
    <subfield code="a">DLC</subfield>
    <subfield code="b">eng</subfield>
    <subfield code="e">rda</subfield>
    <subfield code="c">DLC</subfield>
  </datafield>
  <datafield tag="046" ind1=" " ind2=" ">
    <subfield code="f">1991</subfield>
    <subfield code="2">edtf</subfield>
  </datafield>
  <datafield tag="100" ind1="1" ind2=" ">
    <subfield code="a">Z̆arić, Stefan,</subfield>
    <subfield code="d">1991-</subfield>
  </datafield>
  <datafield tag="375" ind1=" " ind2=" ">
    <subfield code="a">male</subfield>
  </datafield>
  <datafield tag="377" ind1=" " ind2=" ">
    <subfield code="a">srp</subfield>
  </datafield>
  <datafield tag="670" ind1=" " ind2=" ">
    <subfield code="a">Maison Barilli : Belgrade/New York, 2018:</subfield>
    <subfield code="b">title page (Stefan Z̆arić) page 87 (born 1991)</subfield>
  </datafield>
</record>