
<record>
  <leader>00382nz  a2200133n  4500</leader>
  <controlfield tag="001">11257140</controlfield>
  <controlfield tag="003">DLC</controlfield>
  <controlfield tag="005">20200102124119.0</controlfield>
  <controlfield tag="008">200102n| azannaabn          |a ana      </controlfield>
  <datafield tag="010" ind1=" " ind2=" ">
    <subfield code="a">n 2020000086</subfield>
  </datafield>
  <datafield tag="040" ind1=" " ind2=" ">
    <subfield code="a">DLC</subfield>
    <subfield code="b">eng</subfield>
    <subfield code="e">rda</subfield>
    <subfield code="c">DLC</subfield>
  </datafield>
  <datafield tag="110" ind1="2" ind2=" ">
    <subfield code="a">Eddie Sauter Orchestra</subfield>
  </datafield>
  <datafield tag="410" ind1="2" ind2=" ">
    <subfield code="a">Sauter Orchestra</subfield>
  </datafield>
  <datafield tag="670" ind1=" " ind2=" ">
    <subfield code="a">Bailey, M. The majestic Mildred Bailey, ℗1985:</subfield>
    <subfield code="b">label (the Eddie Sauter Orchestra)</subfield>
  </datafield>
</record>