
<record>
  <leader>00764cz  a2200205n  4500</leader>
  <controlfield tag="001">11257141</controlfield>
  <controlfield tag="003">DLC</controlfield>
  <controlfield tag="005">20200102125648.0</controlfield>
  <controlfield tag="008">200102n| azannaabn          |n ana      </controlfield>
  <datafield tag="010" ind1=" " ind2=" ">
    <subfield code="a">n 2020000087</subfield>
  </datafield>
  <datafield tag="040" ind1=" " ind2=" ">
    <subfield code="a">DLC</subfield>
    <subfield code="b">eng</subfield>
    <subfield code="e">rda</subfield>
    <subfield code="c">DLC</subfield>
  </datafield>
  <datafield tag="043" ind1=" " ind2=" ">
    <subfield code="a">s-pe---</subfield>
  </datafield>
  <datafield tag="046" ind1=" " ind2=" ">
    <subfield code="s">1953-03-04</subfield>
    <subfield code="2">edtf</subfield>
  </datafield>
  <datafield tag="151" ind1=" " ind2=" ">
    <subfield code="a">Chicla (Peru : District)</subfield>
  </datafield>
  <datafield tag="368" ind1=" " ind2=" ">
    <subfield code="b">District</subfield>
  </datafield>
  <datafield tag="370" ind1=" " ind2=" ">
    <subfield code="f">Huarochirí (Peru : Province)</subfield>
    <subfield code="2">naf</subfield>
  </datafield>
  <datafield tag="670" ind1=" " ind2=" ">
    <subfield code="a">Complejo minero de Casapalca, 2007-2009, 2010</subfield>
  </datafield>
  <datafield tag="670" ind1=" " ind2=" ">
    <subfield code="a">Ministerio de Economía y Finanzas (Peru) website, January 2, 2020:</subfield>
    <subfield code="b">(Chicla district, located in Huarochiri province, Lima department; founded on March 4, 1953)</subfield>
    <subfield code="u">file:///C:/Users/apur/AppData/Local/Temp/3379_OPIMDCHICLA_2016921_1770.pdf</subfield>
  </datafield>
  <datafield tag="675" ind1=" " ind2=" ">
    <subfield code="a">GEOnet</subfield>
  </datafield>
  <datafield tag="781" ind1=" " ind2="0">
    <subfield code="z">Peru</subfield>
    <subfield code="z">Chicla (District)</subfield>
  </datafield>
</record>