
<record>
  <leader>00875nz  a2200169n  4500</leader>
  <controlfield tag="001">11257142</controlfield>
  <controlfield tag="003">DLC</controlfield>
  <controlfield tag="005">20200102124658.0</controlfield>
  <controlfield tag="008">200102n| azannaabn          |b aaa      </controlfield>
  <datafield tag="010" ind1=" " ind2=" ">
    <subfield code="a">n 2020000085</subfield>
  </datafield>
  <datafield tag="040" ind1=" " ind2=" ">
    <subfield code="a">DLC</subfield>
    <subfield code="b">eng</subfield>
    <subfield code="e">rda</subfield>
    <subfield code="c">DLC</subfield>
  </datafield>
  <datafield tag="100" ind1="1" ind2=" ">
    <subfield code="a">Brauėr, Todd</subfield>
  </datafield>
  <datafield tag="400" ind1="1" ind2=" ">
    <subfield code="a">Брауэр, Тодд</subfield>
  </datafield>
  <datafield tag="400" ind1="1" ind2=" ">
    <subfield code="a">Brower, Todd</subfield>
  </datafield>
  <datafield tag="667" ind1=" " ind2=" ">
    <subfield code="a">Non-Latin script reference not evaluated.</subfield>
  </datafield>
  <datafield tag="667" ind1=" " ind2=" ">
    <subfield code="a">Cannot identify with: Brower, Todd C., n  97116114</subfield>
  </datafield>
  <datafield tag="670" ind1=" " ind2=" ">
    <subfield code="a">Kak polozhitʹ chinovnika na lopatki, ili, Strategicheskie sudebnye ti︠a︡zhby, 2017:</subfield>
    <subfield code="b">title page (Тодда Брауэра = Todda Brauėra) page 167 (Todd Brauėr (Todd Brower). Direktor otdela dopolnitelʹnogo obrazovanii︠a︡ dli︠a︡ sudeĭ po voprosam prava i publichnoĭ politiki v oblasti seksualʹnoĭ orientat︠s︡ii v Institute Uilʹi︠a︡msa Shkoly prava Universiteta Kalifornii v Los-Andzhelese)</subfield>
  </datafield>
</record>