
<record>
  <leader>00663nz  a2200181n  4500</leader>
  <controlfield tag="001">11257143</controlfield>
  <controlfield tag="003">DLC</controlfield>
  <controlfield tag="005">20200102124907.0</controlfield>
  <controlfield tag="008">200102n| azannaabn          |a aaa      </controlfield>
  <datafield tag="010" ind1=" " ind2=" ">
    <subfield code="a">n 2020000088</subfield>
  </datafield>
  <datafield tag="040" ind1=" " ind2=" ">
    <subfield code="a">DLC</subfield>
    <subfield code="b">eng</subfield>
    <subfield code="e">rda</subfield>
    <subfield code="c">DLC</subfield>
  </datafield>
  <datafield tag="046" ind1=" " ind2=" ">
    <subfield code="f">1947</subfield>
    <subfield code="g">2017</subfield>
  </datafield>
  <datafield tag="053" ind1=" " ind2="0">
    <subfield code="a">PS3619.A42535</subfield>
  </datafield>
  <datafield tag="100" ind1="1" ind2=" ">
    <subfield code="a">Saks, Levy,</subfield>
    <subfield code="d">1947-2017</subfield>
  </datafield>
  <datafield tag="400" ind1="1" ind2=" ">
    <subfield code="a">Saks, Levi,</subfield>
    <subfield code="d">1947-2017</subfield>
  </datafield>
  <datafield tag="400" ind1="1" ind2=" ">
    <subfield code="a">Saks, Kennith,</subfield>
    <subfield code="d">1947-2017</subfield>
  </datafield>
  <datafield tag="670" ind1=" " ind2=" ">
    <subfield code="a">What, me angry?, 2017:</subfield>
    <subfield code="b">title page (Levy Saks) page 1 of cover (Levi Saks)</subfield>
  </datafield>
  <datafield tag="670" ind1=" " ind2=" ">
    <subfield code="a">Copyright catalog, viewed January 2, 2020</subfield>
    <subfield code="b">(Title: What, me angry? ; Authorship on Application: Levi Saks, pseud. of Kennith Saks, 1947-2017; Citizenship: United States)</subfield>
  </datafield>
</record>