
<record>
  <leader>00403nz  a2200133n  4500</leader>
  <controlfield tag="001">11257144</controlfield>
  <controlfield tag="003">DLC</controlfield>
  <controlfield tag="005">20200102125253.0</controlfield>
  <controlfield tag="008">200102n| azannaabn          |a aaa      </controlfield>
  <datafield tag="010" ind1=" " ind2=" ">
    <subfield code="a">n 2020000089</subfield>
  </datafield>
  <datafield tag="040" ind1=" " ind2=" ">
    <subfield code="a">DLC</subfield>
    <subfield code="b">eng</subfield>
    <subfield code="e">rda</subfield>
    <subfield code="c">DLC</subfield>
  </datafield>
  <datafield tag="100" ind1="1" ind2=" ">
    <subfield code="a">Maḥmūd, Muḥammad Tawfīq.</subfield>
    <subfield code="t">Frank Lloyd Wright.</subfield>
    <subfield code="l">Arabic</subfield>
  </datafield>
  <datafield tag="400" ind1="1" ind2=" ">
    <subfield code="a">Maḥmūd, Muḥammad Tawfīq.</subfield>
    <subfield code="t">Frānk Lūyd Rāyt</subfield>
  </datafield>
  <datafield tag="670" ind1=" " ind2=" ">
    <subfield code="a">Frānk Lūyd Rāyt, 1967</subfield>
  </datafield>
</record>