
<record>
  <leader>00857nz  a2200229n  4500</leader>
  <controlfield tag="001">11257145</controlfield>
  <controlfield tag="003">DLC</controlfield>
  <controlfield tag="005">20200102130346.0</controlfield>
  <controlfield tag="008">200102n| azannaabn          |b aaa      </controlfield>
  <datafield tag="010" ind1=" " ind2=" ">
    <subfield code="a">n 2020000092</subfield>
  </datafield>
  <datafield tag="040" ind1=" " ind2=" ">
    <subfield code="a">DLC</subfield>
    <subfield code="b">eng</subfield>
    <subfield code="e">rda</subfield>
    <subfield code="c">DLC</subfield>
  </datafield>
  <datafield tag="046" ind1=" " ind2=" ">
    <subfield code="f">1969-01</subfield>
    <subfield code="2">edtf</subfield>
  </datafield>
  <datafield tag="100" ind1="1" ind2=" ">
    <subfield code="a">Liu, Li,</subfield>
    <subfield code="d">1969</subfield>
  </datafield>
  <datafield tag="372" ind1=" " ind2=" ">
    <subfield code="a">Law</subfield>
    <subfield code="2">lcsh</subfield>
  </datafield>
  <datafield tag="373" ind1=" " ind2=" ">
    <subfield code="a">China. Gao ji ren min fa yuan (Shanghai)</subfield>
    <subfield code="2">naf</subfield>
  </datafield>
  <datafield tag="374" ind1=" " ind2=" ">
    <subfield code="a">Judges</subfield>
    <subfield code="2">lcsh</subfield>
  </datafield>
  <datafield tag="375" ind1=" " ind2=" ">
    <subfield code="a">Males</subfield>
    <subfield code="2">lcdgt</subfield>
  </datafield>
  <datafield tag="400" ind1="1" ind2=" ">
    <subfield code="a">Liu, Libin,</subfield>
    <subfield code="d">1969</subfield>
  </datafield>
  <datafield tag="400" ind1="1" ind2=" ">
    <subfield code="a">刘力,</subfield>
    <subfield code="d">1969</subfield>
  </datafield>
  <datafield tag="667" ind1=" " ind2=" ">
    <subfield code="a">Non-Latin script reference not evaluated.</subfield>
  </datafield>
  <datafield tag="670" ind1=" " ind2=" ">
    <subfield code="a">Wu quan an jian shen pan jing yao, 2018:</subfield>
    <subfield code="b">title page (刘力, = Libin fu zhu bian Liu)</subfield>
  </datafield>
  <datafield tag="670" ind1=" " ind2=" ">
    <subfield code="a">Baidu baike, viewed Jan. 2, 2020:</subfield>
    <subfield code="b">(刘力: male; of Jiangsu Wujin; b. Jan. 1969; Ph.D in law; judge, Shanghai shi gao ji ren min fa yuan; director of Shanghai shi gao ji ren min fa yuan yan jiu shi;</subfield>
  </datafield>
</record>