
<record>
  <leader>02758nz  a2200253n  4500</leader>
  <controlfield tag="001">11257147</controlfield>
  <controlfield tag="003">DLC</controlfield>
  <controlfield tag="005">20200102130520.0</controlfield>
  <controlfield tag="008">200102n| azannaabn          |b ana      </controlfield>
  <datafield tag="010" ind1=" " ind2=" ">
    <subfield code="a">n 2020000079</subfield>
  </datafield>
  <datafield tag="040" ind1=" " ind2=" ">
    <subfield code="a">DLC</subfield>
    <subfield code="b">eng</subfield>
    <subfield code="e">rda</subfield>
    <subfield code="c">DLC</subfield>
  </datafield>
  <datafield tag="110" ind1="2" ind2=" ">
    <subfield code="a">&quot;Fotot︠s︡inkograficheskai︠a︡ i fototekhnicheskai︠a︡ masterskai︠a︡&quot; S.M. Prokudina-Gorskogo</subfield>
  </datafield>
  <datafield tag="370" ind1=" " ind2=" ">
    <subfield code="e">Saint Petersburg (Russia)</subfield>
    <subfield code="2">lcsh</subfield>
  </datafield>
  <datafield tag="372" ind1=" " ind2=" ">
    <subfield code="a">Photomechanical processes</subfield>
    <subfield code="a">Photography</subfield>
    <subfield code="a">Color photography</subfield>
    <subfield code="a">Zincography</subfield>
    <subfield code="a">Heliotypes</subfield>
    <subfield code="a">Prints</subfield>
    <subfield code="a">Fine books</subfield>
    <subfield code="2">lcsh</subfield>
  </datafield>
  <datafield tag="374" ind1=" " ind2=" ">
    <subfield code="a">Printers</subfield>
    <subfield code="a">Printmakers</subfield>
    <subfield code="a">Publishers and publishing</subfield>
    <subfield code="2">lcsh</subfield>
  </datafield>
  <datafield tag="410" ind1="2" ind2=" ">
    <subfield code="a">&quot;Фотоцинкографическая и фототехническая мастерская&quot; С.М. Прокудина-Горского</subfield>
  </datafield>
  <datafield tag="410" ind1="2" ind2=" ">
    <subfield code="a">Khudozhestvennai︠a︡ fotomekhanicheskai︠a︡ masterskai︠a︡ S.M. Prokudina-Gorskago</subfield>
  </datafield>
  <datafield tag="410" ind1="2" ind2=" ">
    <subfield code="a">Художественная фотомеханическая мастерская С.М. Прокудина-Горскаго</subfield>
  </datafield>
  <datafield tag="410" ind1="2" ind2=" ">
    <subfield code="a">&quot;Photozincographic and Phototechnical Studio&quot; of S.M. Prokudin-Gorsky</subfield>
  </datafield>
  <datafield tag="500" ind1="1" ind2=" ">
    <subfield code="a">Prokudin-Gorskiĭ, Sergeĭ Mikhaĭlovich,</subfield>
    <subfield code="d">1863-1944</subfield>
  </datafield>
  <datafield tag="667" ind1=" " ind2=" ">
    <subfield code="a">Non-Latin script reference not evaluated.</subfield>
  </datafield>
  <datafield tag="670" ind1=" " ind2=" ">
    <subfield code="a">Gogol, N. V.  Vechera na khutori︠e︡ blizʺ Dikanʹki. Mirgorodʺ, 1911:</subfield>
    <subfield code="b">title page (Клише исполнены художественной фотомеханической мастерской С.М. Прокудина-Горскаго въ С.-Петербургѣ = Klishe ispolneny khudozhestvennoĭ fotomekhanicheskoĭ masterskoĭ S.M. Prokudina-Gorskago vʺ S.-Peterburgi︠e︡)</subfield>
  </datafield>
  <datafield tag="670" ind1=" " ind2=" ">
    <subfield code="a">Sëmova, Li︠u︡dmila. Sergeĭ Mikhaĭlovich Prokudin-Gorskiĭ, 2016:</subfield>
    <subfield code="b">pages 18-19 (In 1901 S.M. Prokudin-Gorskiĭ established his Fotot︠s︡inkograficheskai︠a︡ i fototekhnicheskai︠a︡ masterskai︠a︡ /  Фотоцинкографическая и фототехническая мастерская at 22 Bolʹshai︠a︡ Podʺi︠a︡cheskai︠a︡ in Saint Petersburg, offering copper and zinc art prints as well as color plates. Also published books of belles lettres and illustrations. From 1906 to 1909 published the photography journal Fotograf-Li︠u︡bitelʹ [Amateur Photographer] at the same address. This location was Prokudin-Gorskiĭ&apos;s workshop and his family&apos;s home from 1901 until 1911.)</subfield>
  </datafield>
  <datafield tag="670" ind1=" " ind2=" ">
    <subfield code="a">Garanina, Svetlana. Sergei Mikhailovich Prokudin-Gorsky, 2003:</subfield>
    <subfield code="b">page [4] (On August 2, 1901, the &quot;Photozincographic and Phototechnical Studio&quot; / &quot;Фотоцинкографическая и фототехническая мастерская&quot; of S.M. Prokudin-Gorsky opens in St. Petersburg at 22 Bolshaia Podiahceskaia St. Here his experimental chemical laboratory appeared at last)</subfield>
  </datafield>
</record>