
<record>
  <leader>00470nz  a2200145n  4500</leader>
  <controlfield tag="001">11257148</controlfield>
  <controlfield tag="003">DLC</controlfield>
  <controlfield tag="005">20200102130745.0</controlfield>
  <controlfield tag="008">200102n| azannaabn          |b aaa      </controlfield>
  <datafield tag="010" ind1=" " ind2=" ">
    <subfield code="a">n 2020000090</subfield>
  </datafield>
  <datafield tag="040" ind1=" " ind2=" ">
    <subfield code="a">DLC</subfield>
    <subfield code="b">eng</subfield>
    <subfield code="e">rda</subfield>
    <subfield code="c">DLC</subfield>
  </datafield>
  <datafield tag="100" ind1="1" ind2=" ">
    <subfield code="a">Maḥmūd, Muḥammad Tawfīq</subfield>
  </datafield>
  <datafield tag="400" ind1="1" ind2=" ">
    <subfield code="a">‏محمود، محمد توفيق.</subfield>
  </datafield>
  <datafield tag="667" ind1=" " ind2=" ">
    <subfield code="a">Non-Latin script reference not evaluated.</subfield>
  </datafield>
  <datafield tag="670" ind1=" " ind2=" ">
    <subfield code="a">Frānk Lūyd Rāyt, 1967:</subfield>
    <subfield code="b">title page (al-Muhandis Muḥammad Tawfīq Maḥmūd)</subfield>
  </datafield>
</record>