
<record>
  <leader>00860cz  a2200205n  4500</leader>
  <controlfield tag="001">11257149</controlfield>
  <controlfield tag="003">DLC</controlfield>
  <controlfield tag="005">20200102131043.0</controlfield>
  <controlfield tag="008">200102n| azannaabn          |a ana      </controlfield>
  <datafield tag="010" ind1=" " ind2=" ">
    <subfield code="a">n 2020000095</subfield>
  </datafield>
  <datafield tag="040" ind1=" " ind2=" ">
    <subfield code="a">DLC</subfield>
    <subfield code="b">eng</subfield>
    <subfield code="e">rda</subfield>
    <subfield code="c">DLC</subfield>
  </datafield>
  <datafield tag="046" ind1=" " ind2=" ">
    <subfield code="s">2019-12</subfield>
    <subfield code="2">edtf</subfield>
  </datafield>
  <datafield tag="110" ind1="2" ind2=" ">
    <subfield code="a">Alpayana (Firm)</subfield>
  </datafield>
  <datafield tag="368" ind1=" " ind2=" ">
    <subfield code="a">Mining company</subfield>
  </datafield>
  <datafield tag="370" ind1=" " ind2=" ">
    <subfield code="e">Lima (Peru)</subfield>
    <subfield code="2">naf</subfield>
  </datafield>
  <datafield tag="377" ind1=" " ind2=" ">
    <subfield code="a">spa</subfield>
  </datafield>
  <datafield tag="410" ind1="2" ind2=" ">
    <subfield code="a">Minera Alpayana</subfield>
  </datafield>
  <datafield tag="510" ind1="2" ind2=" ">
    <subfield code="w">a</subfield>
    <subfield code="a">Compañía Minera Casapalca</subfield>
  </datafield>
  <datafield tag="670" ind1=" " ind2=" ">
    <subfield code="a">Alpayana website, January 2, 2020:</subfield>
    <subfield code="b">(Alpayana; Minera Alpayana)</subfield>
    <subfield code="u">www.alpayana.com/contacto</subfield>
  </datafield>
  <datafield tag="670" ind1=" " ind2=" ">
    <subfield code="a">Compañía Minera Casapalca LinkedIn page, January 2, 2020:</subfield>
    <subfield code="b">(Cia Minera Casapalca; Cia Minera Casapalca; mining company; headquarters in Lima; founded in 1986; changed its name to Alpayana in December 2019)</subfield>
    <subfield code="u">https://www.linkedin.com/company/alpayana?trk=organization-update_share-update_actor-text</subfield>
  </datafield>
</record>