
<record>
  <leader>00589cz  a2200181n  4500</leader>
  <controlfield tag="001">11257150</controlfield>
  <controlfield tag="003">DLC</controlfield>
  <controlfield tag="005">20200102130927.0</controlfield>
  <controlfield tag="008">200102n| azannaabn          |n aaa      </controlfield>
  <datafield tag="010" ind1=" " ind2=" ">
    <subfield code="a">n 2020000091</subfield>
  </datafield>
  <datafield tag="040" ind1=" " ind2=" ">
    <subfield code="a">DLC</subfield>
    <subfield code="b">eng</subfield>
    <subfield code="c">DLC</subfield>
    <subfield code="e">rda</subfield>
  </datafield>
  <datafield tag="046" ind1=" " ind2=" ">
    <subfield code="f">1957</subfield>
    <subfield code="2">edtf</subfield>
  </datafield>
  <datafield tag="100" ind1="1" ind2=" ">
    <subfield code="a">Holzinger, Hans,</subfield>
    <subfield code="d">1957-</subfield>
  </datafield>
  <datafield tag="370" ind1=" " ind2=" ">
    <subfield code="a">Gmunden (Austria)</subfield>
    <subfield code="c">Austria</subfield>
    <subfield code="2">naf</subfield>
  </datafield>
  <datafield tag="372" ind1=" " ind2=" ">
    <subfield code="a">Sustainability</subfield>
    <subfield code="a">Global justice</subfield>
  </datafield>
  <datafield tag="377" ind1=" " ind2=" ">
    <subfield code="a">ger</subfield>
  </datafield>
  <datafield tag="670" ind1=" " ind2=" ">
    <subfield code="a">Von nichts zu viel-für alle genug, 2016:</subfield>
    <subfield code="b">title page (Hans Holzinger)</subfield>
  </datafield>
  <datafield tag="670" ind1=" " ind2=" ">
    <subfield code="a">DNB in VIAF, viewed January 2, 2020</subfield>
    <subfield code="b">(access point: Holzinger, Hans, 1957- ; born in Gmunden)</subfield>
  </datafield>
</record>