
<record>
  <leader>00719cz  a2200133n  4500</leader>
  <controlfield tag="001">11257151</controlfield>
  <controlfield tag="003">DLC</controlfield>
  <controlfield tag="005">20200102142419.0</controlfield>
  <controlfield tag="008">200102n| acannaabn          |n aaa      </controlfield>
  <datafield tag="010" ind1=" " ind2=" ">
    <subfield code="a">n 2020000094</subfield>
  </datafield>
  <datafield tag="040" ind1=" " ind2=" ">
    <subfield code="a">DLC</subfield>
    <subfield code="b">eng</subfield>
    <subfield code="e">rda</subfield>
    <subfield code="c">DLC</subfield>
  </datafield>
  <datafield tag="100" ind1="1" ind2=" ">
    <subfield code="a">Jackson, Dave,</subfield>
    <subfield code="c">(Podcast consultant)</subfield>
  </datafield>
  <datafield tag="670" ind1=" " ind2=" ">
    <subfield code="a">Profit from your podcast, 2020:</subfield>
    <subfield code="b">ECIP t.p. (Dave Jackson)</subfield>
  </datafield>
  <datafield tag="670" ind1=" " ind2=" ">
    <subfield code="a">schoolofpodcasting.com, viewed on January 2, 2020:</subfield>
    <subfield code="b">(Dave Jackson; professional podcast consultant; he has been teaching  technology as a corporate trainer for over twenty years ; he has been a podcaster since 2005; founder of the online School of Podcasting; holds a Bachelor&apos;s Degree in Education from the University of Akron (specializing in technical education))</subfield>
  </datafield>
</record>