
<record>
  <leader>00554nz  a2200133n  4500</leader>
  <controlfield tag="001">11257152</controlfield>
  <controlfield tag="003">DLC</controlfield>
  <controlfield tag="005">20200102131833.0</controlfield>
  <controlfield tag="008">200102n| azannaabn          |n aaa      </controlfield>
  <datafield tag="010" ind1=" " ind2=" ">
    <subfield code="a">n 2020000096</subfield>
  </datafield>
  <datafield tag="040" ind1=" " ind2=" ">
    <subfield code="a">DLC</subfield>
    <subfield code="b">eng</subfield>
    <subfield code="e">rda</subfield>
    <subfield code="c">DLC</subfield>
  </datafield>
  <datafield tag="100" ind1="1" ind2=" ">
    <subfield code="a">Miller, Steve</subfield>
    <subfield code="c">(Military historian)</subfield>
  </datafield>
  <datafield tag="377" ind1=" " ind2=" ">
    <subfield code="a">eng</subfield>
  </datafield>
  <datafield tag="670" ind1=" " ind2=" ">
    <subfield code="a">First sailing of the S.S. Smith Thompson, c2011:</subfield>
    <subfield code="b">title page (Steve Miller) page 241 (military service expert, historian, professional speaker; U.S. Air Force, 100th Strategic Reconnaissance Wing; later field engineer for General Dynamics, Hughes Aircraft)</subfield>
  </datafield>
</record>