
<record>
  <leader>00410nz  a2200133n  4500</leader>
  <controlfield tag="001">11257154</controlfield>
  <controlfield tag="003">DLC</controlfield>
  <controlfield tag="005">20200102132156.0</controlfield>
  <controlfield tag="008">200102n| azannaabn          |a aaa      </controlfield>
  <datafield tag="010" ind1=" " ind2=" ">
    <subfield code="a">n 2020000101</subfield>
  </datafield>
  <datafield tag="040" ind1=" " ind2=" ">
    <subfield code="a">DLC</subfield>
    <subfield code="b">eng</subfield>
    <subfield code="e">rda</subfield>
    <subfield code="c">DLC</subfield>
  </datafield>
  <datafield tag="100" ind1="1" ind2=" ">
    <subfield code="a">Carlson, Natalie Savage.</subfield>
    <subfield code="t">Family under the bridge.</subfield>
    <subfield code="l">Persian</subfield>
  </datafield>
  <datafield tag="400" ind1="1" ind2=" ">
    <subfield code="a">Carlson, Natalie Savage.</subfield>
    <subfield code="t">Khānvādah-ʼi zīr-i pul</subfield>
  </datafield>
  <datafield tag="670" ind1=" " ind2=" ">
    <subfield code="a">Khānvādah-ʼi zīr-i pul, 1971.</subfield>
  </datafield>
</record>