
<record>
  <leader>01497nz  a2200289n  4500</leader>
  <controlfield tag="001">11257155</controlfield>
  <controlfield tag="003">DLC</controlfield>
  <controlfield tag="005">20200102132248.0</controlfield>
  <controlfield tag="008">200102n| azannaabn          |a aaa      </controlfield>
  <datafield tag="010" ind1=" " ind2=" ">
    <subfield code="a">n 2020000097</subfield>
  </datafield>
  <datafield tag="040" ind1=" " ind2=" ">
    <subfield code="a">DLC</subfield>
    <subfield code="b">eng</subfield>
    <subfield code="e">rda</subfield>
    <subfield code="c">DLC</subfield>
  </datafield>
  <datafield tag="046" ind1=" " ind2=" ">
    <subfield code="f">1889-10-26</subfield>
    <subfield code="g">1967-04-13</subfield>
    <subfield code="2">edtf</subfield>
  </datafield>
  <datafield tag="100" ind1="1" ind2=" ">
    <subfield code="a">Griffith, Tommy,</subfield>
    <subfield code="d">1889-1967</subfield>
  </datafield>
  <datafield tag="370" ind1=" " ind2=" ">
    <subfield code="a">Prospect (Ohio)</subfield>
    <subfield code="b">Cincinnati (Ohio)</subfield>
    <subfield code="c">United States</subfield>
    <subfield code="2">naf</subfield>
  </datafield>
  <datafield tag="372" ind1=" " ind2=" ">
    <subfield code="a">Baseball</subfield>
    <subfield code="2">lcsh</subfield>
  </datafield>
  <datafield tag="373" ind1=" " ind2=" ">
    <subfield code="a">Boston Braves (Baseball team)</subfield>
    <subfield code="2">naf</subfield>
    <subfield code="s">1913</subfield>
    <subfield code="t">1914</subfield>
  </datafield>
  <datafield tag="373" ind1=" " ind2=" ">
    <subfield code="a">Cincinnati Reds (Baseball team)</subfield>
    <subfield code="2">naf</subfield>
    <subfield code="s">1915</subfield>
    <subfield code="t">1918</subfield>
  </datafield>
  <datafield tag="373" ind1=" " ind2=" ">
    <subfield code="a">Brooklyn Robins</subfield>
    <subfield code="s">1919</subfield>
    <subfield code="t">1925</subfield>
  </datafield>
  <datafield tag="373" ind1=" " ind2=" ">
    <subfield code="a">Chicago Cubs (Baseball team)</subfield>
    <subfield code="2">naf</subfield>
    <subfield code="s">1925</subfield>
    <subfield code="t">1925</subfield>
  </datafield>
  <datafield tag="374" ind1=" " ind2=" ">
    <subfield code="a">Baseball players</subfield>
    <subfield code="a">Singers</subfield>
    <subfield code="a">Lyricists</subfield>
    <subfield code="2">lcdgt</subfield>
  </datafield>
  <datafield tag="375" ind1=" " ind2=" ">
    <subfield code="a">Males</subfield>
    <subfield code="2">lcdgt</subfield>
  </datafield>
  <datafield tag="378" ind1=" " ind2=" ">
    <subfield code="q">Thomas Herman</subfield>
  </datafield>
  <datafield tag="400" ind1="1" ind2=" ">
    <subfield code="a">Griffith, Thos. H.</subfield>
    <subfield code="q">(Thomas Herman),</subfield>
    <subfield code="d">1889-1967</subfield>
  </datafield>
  <datafield tag="400" ind1="1" ind2=" ">
    <subfield code="a">Griffith, Thomas H.</subfield>
    <subfield code="q">(Thomas Herman),</subfield>
    <subfield code="d">1889-1967</subfield>
  </datafield>
  <datafield tag="670" ind1=" " ind2=" ">
    <subfield code="a">Griffith, E.B. I&apos;ll change your shadows to sunshine, 1912:</subfield>
    <subfield code="b">cover (words by Thos. H. Griffith)</subfield>
  </datafield>
  <datafield tag="670" ind1=" " ind2=" ">
    <subfield code="a">Society for American Baseball Research WWW site, January 2, 2020</subfield>
    <subfield code="b">(Tommy Griffith; b. 10/26/1889, Prospect, Ohio; d. 4/13/1967, Cincinnati, Ohio; baseball player; also vaudeville singer and songwriter)</subfield>
    <subfield code="u">https://sabr.org/bioproj/person/00873ae1</subfield>
  </datafield>
  <datafield tag="670" ind1=" " ind2=" ">
    <subfield code="a">Wikipedia, January 2, 2020</subfield>
    <subfield code="b">(Tommy Griffith; American baseball player; played for Boston Braves, 1913-14, Cincinnati Reds, 1915-18, Brooklyn Robins, 1919-25, and Chicago Cubs, 1925)</subfield>
    <subfield code="u">https://en.wikipedia.org/wiki/Tommy_Griffith</subfield>
  </datafield>
</record>