
<record>
  <leader>00506nz  a2200145n  4500</leader>
  <controlfield tag="001">11257156</controlfield>
  <controlfield tag="003">DLC</controlfield>
  <controlfield tag="005">20200102132609.0</controlfield>
  <controlfield tag="008">200102n| azannaabn          |a aaa      </controlfield>
  <datafield tag="010" ind1=" " ind2=" ">
    <subfield code="a">n 2020000103</subfield>
  </datafield>
  <datafield tag="040" ind1=" " ind2=" ">
    <subfield code="a">DLC</subfield>
    <subfield code="b">eng</subfield>
    <subfield code="e">rda</subfield>
    <subfield code="c">DLC</subfield>
  </datafield>
  <datafield tag="100" ind1="1" ind2=" ">
    <subfield code="a">Gellhorn, Martha,</subfield>
    <subfield code="d">1908-1998.</subfield>
    <subfield code="t">Correspondence.</subfield>
    <subfield code="k">Selections</subfield>
  </datafield>
  <datafield tag="400" ind1="1" ind2=" ">
    <subfield code="a">Gellhorn, Martha,</subfield>
    <subfield code="d">1908-1998.</subfield>
    <subfield code="t">Martha Gellhorn&apos;s letters of love &amp; war, 1930-1949</subfield>
  </datafield>
  <datafield tag="400" ind1="1" ind2=" ">
    <subfield code="a">Gellhorn, Martha,</subfield>
    <subfield code="d">1908-1998.</subfield>
    <subfield code="t">Yours, for probably always</subfield>
  </datafield>
  <datafield tag="670" ind1=" " ind2=" ">
    <subfield code="a">Yours, for probably always, 2019.</subfield>
  </datafield>
</record>