
<record>
  <leader>00857cz  a2200181n  4500</leader>
  <controlfield tag="001">11257158</controlfield>
  <controlfield tag="003">DLC</controlfield>
  <controlfield tag="005">20200102134351.0</controlfield>
  <controlfield tag="008">200102n| azannaabn          |b aaa      </controlfield>
  <datafield tag="010" ind1=" " ind2=" ">
    <subfield code="a">n 2020000102</subfield>
  </datafield>
  <datafield tag="040" ind1=" " ind2=" ">
    <subfield code="a">DLC</subfield>
    <subfield code="b">eng</subfield>
    <subfield code="c">DLC</subfield>
    <subfield code="e">rda</subfield>
  </datafield>
  <datafield tag="100" ind1="1" ind2=" ">
    <subfield code="a">Felzenbaum, Michael,</subfield>
    <subfield code="d">1951-</subfield>
    <subfield code="t">Novellas.</subfield>
    <subfield code="k">Selections</subfield>
  </datafield>
  <datafield tag="400" ind1="1" ind2=" ">
    <subfield code="a">Felzenbaum, Michael,</subfield>
    <subfield code="d">1951-</subfield>
    <subfield code="t">Biografye fun a senṭimenṭaler levoneh</subfield>
  </datafield>
  <datafield tag="400" ind1="1" ind2=" ">
    <subfield code="a">Felzenbaum, Michael,</subfield>
    <subfield code="d">1951-</subfield>
    <subfield code="t">Biographie fun a sentimentaler levone</subfield>
  </datafield>
  <datafield tag="400" ind1="1" ind2=" ">
    <subfield code="a">Felzenbaum, Michael,</subfield>
    <subfield code="d">1951-</subfield>
    <subfield code="t">ביאגראפיע פון א סענטימענטאלער לבנה</subfield>
  </datafield>
  <datafield tag="667" ind1=" " ind2=" ">
    <subfield code="a">Non-Latin script reference not evaluated.</subfield>
  </datafield>
  <datafield tag="670" ind1=" " ind2=" ">
    <subfield code="a">ביאגראפיע פון א סענטימענטאלער לבנה = Biografye fun a senṭimenṭaler levoneh, 2017:</subfield>
    <subfield code="b">half facing title page verso (Biographie fun a sentimentaler levone : noveles [in rom.])</subfield>
  </datafield>
  <datafield tag="953" ind1=" " ind2=" ">
    <subfield code="a">cd01</subfield>
  </datafield>
</record>