
<record>
  <leader>00523nz  a2200133n  4500</leader>
  <controlfield tag="001">11257159</controlfield>
  <controlfield tag="003">DLC</controlfield>
  <controlfield tag="005">20200102132920.0</controlfield>
  <controlfield tag="008">200102n| azannaabn          |n aaa      </controlfield>
  <datafield tag="010" ind1=" " ind2=" ">
    <subfield code="a">n 2020000099</subfield>
  </datafield>
  <datafield tag="040" ind1=" " ind2=" ">
    <subfield code="a">DLC</subfield>
    <subfield code="b">eng</subfield>
    <subfield code="e">rda</subfield>
    <subfield code="c">DLC</subfield>
  </datafield>
  <datafield tag="046" ind1=" " ind2=" ">
    <subfield code="f">1899?</subfield>
    <subfield code="2">edtf</subfield>
  </datafield>
  <datafield tag="100" ind1="1" ind2=" ">
    <subfield code="a">Miller, Albert F.,</subfield>
    <subfield code="d">1899-</subfield>
  </datafield>
  <datafield tag="670" ind1=" " ind2=" ">
    <subfield code="a">First sailing of the S.S. Smith Thompson, 2011:</subfield>
    <subfield code="b">page 25 (Albert F. Miller; Al; Santa Monica, CA; 42 in December 1941; foreman in Los Angeles Times pressroom; 1916 joined U.S. Navy; radioman; joined the Merchant Marine in 1942)</subfield>
  </datafield>
</record>