
<record>
  <leader>00977cz  a2200205n  4500</leader>
  <controlfield tag="001">11257160</controlfield>
  <controlfield tag="003">DLC</controlfield>
  <controlfield tag="005">20200102132940.0</controlfield>
  <controlfield tag="008">200102n| azannaabn          |a aaa      </controlfield>
  <datafield tag="010" ind1=" " ind2=" ">
    <subfield code="a">n 2020000098</subfield>
  </datafield>
  <datafield tag="040" ind1=" " ind2=" ">
    <subfield code="a">DLC</subfield>
    <subfield code="b">eng</subfield>
    <subfield code="e">rda</subfield>
    <subfield code="c">DLC</subfield>
  </datafield>
  <datafield tag="046" ind1=" " ind2=" ">
    <subfield code="f">1902-04-11</subfield>
    <subfield code="g">1980-11-21</subfield>
    <subfield code="2">edtf</subfield>
  </datafield>
  <datafield tag="100" ind1="1" ind2=" ">
    <subfield code="a">Lewis, Danny,</subfield>
    <subfield code="d">1902-1980</subfield>
  </datafield>
  <datafield tag="370" ind1=" " ind2=" ">
    <subfield code="a">Brooklyn (New York, N.Y.)</subfield>
    <subfield code="b">Las Vegas (Nev.)</subfield>
    <subfield code="2">naf</subfield>
  </datafield>
  <datafield tag="374" ind1=" " ind2=" ">
    <subfield code="a">Actors</subfield>
    <subfield code="a">Singers</subfield>
    <subfield code="2">lcsh</subfield>
  </datafield>
  <datafield tag="375" ind1=" " ind2=" ">
    <subfield code="a">Males</subfield>
    <subfield code="2">lcdgt</subfield>
  </datafield>
  <datafield tag="400" ind1="1" ind2=" ">
    <subfield code="a">Lewis, Daniel,</subfield>
    <subfield code="d">1902-1980</subfield>
  </datafield>
  <datafield tag="400" ind1="1" ind2=" ">
    <subfield code="a">Levitch, Daniel</subfield>
  </datafield>
  <datafield tag="670" ind1=" " ind2=" ">
    <subfield code="a">IMDb, Jan. 2, 2020</subfield>
    <subfield code="b">(Danny Lewis; born on April 11, 1902 in Brooklyn, New York as Daniel Levitch; died in November 1980 in Las Vegas, Nevada; actor, singer; father of comedian Jerry Lewis (1926-2017); known for his work on A Swingin&apos; Affair (1963), The Jerry Lewis Show (1967) and The Ed Sullivan Show (1948))</subfield>
  </datafield>
  <datafield tag="670" ind1=" " ind2=" ">
    <subfield code="a">Find A Grave online, Jan. 2, 2020</subfield>
    <subfield code="b">(Daniel &quot;Danny&quot; Lewis; d. 21 Nov 1980)</subfield>
    <subfield code="u">https://www.findagrave.com/memorial/141484607/daniel-lewis</subfield>
  </datafield>
</record>