
<record>
  <leader>00449cz  a2200157n  4500</leader>
  <controlfield tag="001">11257161</controlfield>
  <controlfield tag="003">DLC</controlfield>
  <controlfield tag="005">20200102133646.0</controlfield>
  <controlfield tag="008">200102n| azannaabn          |n aaa      </controlfield>
  <datafield tag="010" ind1=" " ind2=" ">
    <subfield code="a">n 2020000106</subfield>
  </datafield>
  <datafield tag="040" ind1=" " ind2=" ">
    <subfield code="a">DLC</subfield>
    <subfield code="b">eng</subfield>
    <subfield code="e">rda</subfield>
    <subfield code="c">DLC</subfield>
  </datafield>
  <datafield tag="046" ind1=" " ind2=" ">
    <subfield code="f">19860520</subfield>
  </datafield>
  <datafield tag="100" ind1="1" ind2=" ">
    <subfield code="a">Harris, Kyle,</subfield>
    <subfield code="d">1986-</subfield>
  </datafield>
  <datafield tag="670" ind1=" " ind2=" ">
    <subfield code="a">Katarina Ballerina, 2020:</subfield>
    <subfield code="b">ECIP title page (by Tiler Peck &amp; Kyle Harris)</subfield>
  </datafield>
  <datafield tag="670" ind1=" " ind2=" ">
    <subfield code="a">Email to pub. 01-02-20</subfield>
    <subfield code="b">(per pub. DOB May 20, 1986)</subfield>
  </datafield>
  <datafield tag="953" ind1=" " ind2=" ">
    <subfield code="a">xk09</subfield>
  </datafield>
</record>