
<record>
  <leader>00568nz  a2200145n  4500</leader>
  <controlfield tag="001">11257163</controlfield>
  <controlfield tag="003">DLC</controlfield>
  <controlfield tag="005">20200102135730.0</controlfield>
  <controlfield tag="008">200102n| azannaabn          |b aaa      </controlfield>
  <datafield tag="010" ind1=" " ind2=" ">
    <subfield code="a">n 2020000108</subfield>
  </datafield>
  <datafield tag="040" ind1=" " ind2=" ">
    <subfield code="a">DLC</subfield>
    <subfield code="b">eng</subfield>
    <subfield code="e">rda</subfield>
    <subfield code="c">DLC</subfield>
  </datafield>
  <datafield tag="100" ind1="1" ind2=" ">
    <subfield code="a">Ḥakīmʹnizhād, Aqdas</subfield>
  </datafield>
  <datafield tag="400" ind1="1" ind2=" ">
    <subfield code="a">‏حکيم‌نژاد، اقدس</subfield>
  </datafield>
  <datafield tag="667" ind1=" " ind2=" ">
    <subfield code="a">Non-Latin script reference not evaluated.</subfield>
  </datafield>
  <datafield tag="670" ind1=" " ind2=" ">
    <subfield code="a">Ābistanī, tavallud, jilawgīrī az ābistanī, 1973 or 1974:</subfield>
    <subfield code="b">title page (دکتر اقدس حکيم‌نژاد = Duktur Aqdas Ḥakīmʹnizhād, translator from English to Persian)</subfield>
  </datafield>
</record>