
<record>
  <leader>00452cz  a2200145n  4500</leader>
  <controlfield tag="001">11257164</controlfield>
  <controlfield tag="003">DLC</controlfield>
  <controlfield tag="005">20200102140346.0</controlfield>
  <controlfield tag="008">200102n| azannaabn          |n aaa      </controlfield>
  <datafield tag="010" ind1=" " ind2=" ">
    <subfield code="a">n 2020000109</subfield>
  </datafield>
  <datafield tag="040" ind1=" " ind2=" ">
    <subfield code="a">DLC</subfield>
    <subfield code="b">eng</subfield>
    <subfield code="c">DLC</subfield>
    <subfield code="e">rda</subfield>
  </datafield>
  <datafield tag="100" ind1="1" ind2=" ">
    <subfield code="a">Babadzhani︠a︡n, Karine</subfield>
  </datafield>
  <datafield tag="667" ind1=" " ind2=" ">
    <subfield code="a">Not the same as Karine Babajanyan, singer in Mefistofele, no2017026560</subfield>
  </datafield>
  <datafield tag="670" ind1=" " ind2=" ">
    <subfield code="a">Karabakhskiĭ dnevnik, 2010:</subfield>
    <subfield code="b">title page verso (Karine Babadzhani︠a︡n)</subfield>
  </datafield>
  <datafield tag="953" ind1=" " ind2=" ">
    <subfield code="a">cd24</subfield>
  </datafield>
</record>