
<record>
  <leader>00469nz  a2200133n  4500</leader>
  <controlfield tag="001">11257165</controlfield>
  <controlfield tag="003">DLC</controlfield>
  <controlfield tag="005">20200102135802.0</controlfield>
  <controlfield tag="008">200102n| azannaabn          |a aaa      </controlfield>
  <datafield tag="010" ind1=" " ind2=" ">
    <subfield code="a">n 2020000110</subfield>
  </datafield>
  <datafield tag="040" ind1=" " ind2=" ">
    <subfield code="a">DLC</subfield>
    <subfield code="b">eng</subfield>
    <subfield code="e">rda</subfield>
    <subfield code="c">DLC</subfield>
  </datafield>
  <datafield tag="100" ind1="1" ind2=" ">
    <subfield code="a">Demarest, Robert J.</subfield>
    <subfield code="t">Conception, birth, and contraception.</subfield>
    <subfield code="l">Persian</subfield>
  </datafield>
  <datafield tag="400" ind1="1" ind2=" ">
    <subfield code="a">Demarest, Robert J.</subfield>
    <subfield code="t">Ābistanī, tavallud, jilawgīrī az ābistanī</subfield>
  </datafield>
  <datafield tag="670" ind1=" " ind2=" ">
    <subfield code="a">Ābistanī, tavallud, jilawgīrī az ābistanī, 1973 or 1974.</subfield>
  </datafield>
</record>