
<record>
  <leader>00351nz  a2200133n  4500</leader>
  <controlfield tag="001">11257167</controlfield>
  <controlfield tag="003">DLC</controlfield>
  <controlfield tag="005">20200102140525.0</controlfield>
  <controlfield tag="008">200102n| azannaabn          |n aaa      </controlfield>
  <datafield tag="010" ind1=" " ind2=" ">
    <subfield code="a">n 2020000112</subfield>
  </datafield>
  <datafield tag="040" ind1=" " ind2=" ">
    <subfield code="a">DLC</subfield>
    <subfield code="b">eng</subfield>
    <subfield code="c">DLC</subfield>
    <subfield code="e">rda</subfield>
  </datafield>
  <datafield tag="100" ind1="1" ind2=" ">
    <subfield code="a">Abovi︠a︡n, Alla</subfield>
  </datafield>
  <datafield tag="670" ind1=" " ind2=" ">
    <subfield code="a">Karabakhskiĭ dnevnik, 2010:</subfield>
    <subfield code="b">title page verso (Alla Abovi︠a︡n)</subfield>
  </datafield>
  <datafield tag="953" ind1=" " ind2=" ">
    <subfield code="a">cd24</subfield>
  </datafield>
</record>