
<record>
  <leader>00480nz  a2200157n  4500</leader>
  <controlfield tag="001">11257170</controlfield>
  <controlfield tag="003">DLC</controlfield>
  <controlfield tag="005">20200102140838.0</controlfield>
  <controlfield tag="008">200102n| azannaabn          |a aaa      </controlfield>
  <datafield tag="010" ind1=" " ind2=" ">
    <subfield code="a">n 2020000115</subfield>
  </datafield>
  <datafield tag="040" ind1=" " ind2=" ">
    <subfield code="a">DLC</subfield>
    <subfield code="b">eng</subfield>
    <subfield code="c">DLC</subfield>
    <subfield code="e">rda</subfield>
  </datafield>
  <datafield tag="100" ind1="1" ind2=" ">
    <subfield code="a">Hakobyan, Tʻatʻul.</subfield>
    <subfield code="t">Kanachʻ u sev.</subfield>
    <subfield code="l">Russian</subfield>
  </datafield>
  <datafield tag="400" ind1="1" ind2=" ">
    <subfield code="a">Hakobyan, Tʻatʻul.</subfield>
    <subfield code="t">Karabakhskiĭ dnevnik</subfield>
  </datafield>
  <datafield tag="400" ind1="1" ind2=" ">
    <subfield code="a">Hakobyan, Tʻatʻul.</subfield>
    <subfield code="t">Zelenoe i chernoe, ili ni voĭny ni mira</subfield>
  </datafield>
  <datafield tag="670" ind1=" " ind2=" ">
    <subfield code="a">Karabakhskiĭ dnevnik, 2010.</subfield>
  </datafield>
  <datafield tag="953" ind1=" " ind2=" ">
    <subfield code="a">cd24</subfield>
  </datafield>
</record>