
<record>
  <leader>00450cz  a2200145n  4500</leader>
  <controlfield tag="001">11257176</controlfield>
  <controlfield tag="003">DLC</controlfield>
  <controlfield tag="005">20200102142717.0</controlfield>
  <controlfield tag="008">200102n| azannaabn          |n anc      </controlfield>
  <datafield tag="010" ind1=" " ind2=" ">
    <subfield code="a">n 2020000122</subfield>
  </datafield>
  <datafield tag="040" ind1=" " ind2=" ">
    <subfield code="a">DLC</subfield>
    <subfield code="b">eng</subfield>
    <subfield code="e">rda</subfield>
    <subfield code="c">DLC</subfield>
  </datafield>
  <datafield tag="110" ind1="2" ind2=" ">
    <subfield code="a">Orchestra da Camera &quot;Francesco M. Veracini&quot;</subfield>
  </datafield>
  <datafield tag="368" ind1=" " ind2=" ">
    <subfield code="a">Chamber orchestra</subfield>
  </datafield>
  <datafield tag="372" ind1=" " ind2=" ">
    <subfield code="a">Music</subfield>
    <subfield code="2">lcsh</subfield>
  </datafield>
  <datafield tag="670" ind1=" " ind2=" ">
    <subfield code="a">Paisiello, G. Gli astrologi immaginari, 1989:</subfield>
    <subfield code="b">container (Orchestra da Camera &quot;Francesco M. Veracini&quot;)</subfield>
  </datafield>
</record>