
<record>
  <leader>00449nz  a2200145n  4500</leader>
  <controlfield tag="001">11257178</controlfield>
  <controlfield tag="003">DLC</controlfield>
  <controlfield tag="005">20200102142838.0</controlfield>
  <controlfield tag="008">200102n| azannaabn          |n aaa      </controlfield>
  <datafield tag="010" ind1=" " ind2=" ">
    <subfield code="a">n 2020000123</subfield>
  </datafield>
  <datafield tag="040" ind1=" " ind2=" ">
    <subfield code="a">DLC</subfield>
    <subfield code="b">eng</subfield>
    <subfield code="c">DLC</subfield>
    <subfield code="e">rda</subfield>
  </datafield>
  <datafield tag="100" ind1="1" ind2=" ">
    <subfield code="a">Tüttő, József,</subfield>
    <subfield code="d">1971-</subfield>
  </datafield>
  <datafield tag="670" ind1=" " ind2=" ">
    <subfield code="a">Színekből font mesék, 2019:</subfield>
    <subfield code="b">title page (Tüttő József, illustrator)</subfield>
  </datafield>
  <datafield tag="670" ind1=" " ind2=" ">
    <subfield code="a">OSZK database, Jan. 2, 2020</subfield>
    <subfield code="b">(hdg.: Tüttő József, 1971-)</subfield>
  </datafield>
  <datafield tag="953" ind1=" " ind2=" ">
    <subfield code="a">fc15</subfield>
  </datafield>
</record>