
<record>
  <leader>00381nz  a2200145n  4500</leader>
  <controlfield tag="001">11257179</controlfield>
  <controlfield tag="003">DLC</controlfield>
  <controlfield tag="005">20200102142850.0</controlfield>
  <controlfield tag="008">200102n| azannaabn          |a aaa      </controlfield>
  <datafield tag="010" ind1=" " ind2=" ">
    <subfield code="a">n 2020000125</subfield>
  </datafield>
  <datafield tag="040" ind1=" " ind2=" ">
    <subfield code="a">DLC</subfield>
    <subfield code="b">eng</subfield>
    <subfield code="e">rda</subfield>
    <subfield code="c">DLC</subfield>
  </datafield>
  <datafield tag="100" ind1="1" ind2=" ">
    <subfield code="a">Di Scala, Gene</subfield>
  </datafield>
  <datafield tag="400" ind1="1" ind2=" ">
    <subfield code="a">Scala, Gene di</subfield>
  </datafield>
  <datafield tag="400" ind1="1" ind2=" ">
    <subfield code="a">DiScala, Gene</subfield>
  </datafield>
  <datafield tag="670" ind1=" " ind2=" ">
    <subfield code="a">The feud, 1960:</subfield>
    <subfield code="b">dust jacket (Jacket painting by Gene Di Scala)</subfield>
  </datafield>
</record>