
<record>
  <leader>00508cz  a2200145n  4500</leader>
  <controlfield tag="001">11257180</controlfield>
  <controlfield tag="003">DLC</controlfield>
  <controlfield tag="005">20200102143251.0</controlfield>
  <controlfield tag="008">200102n| azannaabn          |b aaa      </controlfield>
  <datafield tag="010" ind1=" " ind2=" ">
    <subfield code="a">n 2020000126</subfield>
  </datafield>
  <datafield tag="040" ind1=" " ind2=" ">
    <subfield code="a">DLC</subfield>
    <subfield code="b">eng</subfield>
    <subfield code="e">rda</subfield>
    <subfield code="c">DLC</subfield>
  </datafield>
  <datafield tag="100" ind1="1" ind2=" ">
    <subfield code="a">Marandī, Ḥasan</subfield>
  </datafield>
  <datafield tag="400" ind1="1" ind2=" ">
    <subfield code="a">‏مرندى، حسن</subfield>
  </datafield>
  <datafield tag="667" ind1=" " ind2=" ">
    <subfield code="a">Non-Latin script reference not evaluated.</subfield>
  </datafield>
  <datafield tag="670" ind1=" " ind2=" ">
    <subfield code="a">Pidarān va mādarān va farzandān, 1973:</subfield>
    <subfield code="b">title page (دکتر حسن مرندى = Duktur Ḥasan Marandī, translator from English to Persian)</subfield>
  </datafield>
</record>