
<record>
  <leader>00471cz  a2200133n  4500</leader>
  <controlfield tag="001">11257181</controlfield>
  <controlfield tag="003">DLC</controlfield>
  <controlfield tag="005">20200102143137.0</controlfield>
  <controlfield tag="008">200102n| azannaabn          |a aaa      </controlfield>
  <datafield tag="010" ind1=" " ind2=" ">
    <subfield code="a">n 2020000127</subfield>
  </datafield>
  <datafield tag="040" ind1=" " ind2=" ">
    <subfield code="a">DLC</subfield>
    <subfield code="b">eng</subfield>
    <subfield code="e">rda</subfield>
    <subfield code="c">DLC</subfield>
  </datafield>
  <datafield tag="100" ind1="1" ind2=" ">
    <subfield code="a">Guttmacher, Alan F.</subfield>
    <subfield code="q">(Alan Frank),</subfield>
    <subfield code="d">1898-1974.</subfield>
    <subfield code="t">Planning your family.</subfield>
    <subfield code="l">Persian</subfield>
  </datafield>
  <datafield tag="400" ind1="1" ind2=" ">
    <subfield code="a">Guttmacher, Alan F.</subfield>
    <subfield code="q">(Alan Frank),</subfield>
    <subfield code="d">1898-1974.</subfield>
    <subfield code="t">Pidarān va mādarān va farzandān</subfield>
  </datafield>
  <datafield tag="670" ind1=" " ind2=" ">
    <subfield code="a">Pidarān va mādarān va farzandān, 1973.</subfield>
  </datafield>
</record>