
<record>
  <leader>00308nz  a2200121n  4500</leader>
  <controlfield tag="001">11257182</controlfield>
  <controlfield tag="003">DLC</controlfield>
  <controlfield tag="005">20200102143305.0</controlfield>
  <controlfield tag="008">200102n| azannaabn          |n aaa      </controlfield>
  <datafield tag="010" ind1=" " ind2=" ">
    <subfield code="a">n 2020000128</subfield>
  </datafield>
  <datafield tag="040" ind1=" " ind2=" ">
    <subfield code="a">DLC</subfield>
    <subfield code="b">eng</subfield>
    <subfield code="e">rda</subfield>
    <subfield code="c">DLC</subfield>
  </datafield>
  <datafield tag="100" ind1="1" ind2=" ">
    <subfield code="a">Perreault, Russell</subfield>
  </datafield>
  <datafield tag="670" ind1=" " ind2=" ">
    <subfield code="a">Sondheim, 2020:</subfield>
    <subfield code="b">ECIP t.p.  (Russell Perreault)</subfield>
  </datafield>
</record>