
<record>
  <leader>00623nz  a2200145n  4500</leader>
  <controlfield tag="001">11257183</controlfield>
  <controlfield tag="003">DLC</controlfield>
  <controlfield tag="005">20200102143427.0</controlfield>
  <controlfield tag="008">200102n| azannaabn          |n aaa      </controlfield>
  <datafield tag="010" ind1=" " ind2=" ">
    <subfield code="a">n 2020000117</subfield>
  </datafield>
  <datafield tag="040" ind1=" " ind2=" ">
    <subfield code="a">DLC</subfield>
    <subfield code="b">eng</subfield>
    <subfield code="e">rda</subfield>
    <subfield code="c">DLC</subfield>
  </datafield>
  <datafield tag="046" ind1=" " ind2=" ">
    <subfield code="f">1956</subfield>
    <subfield code="2">edtf</subfield>
  </datafield>
  <datafield tag="100" ind1="1" ind2=" ">
    <subfield code="a">Thomas, Larry,</subfield>
    <subfield code="b">1956-</subfield>
  </datafield>
  <datafield tag="670" ind1=" " ind2=" ">
    <subfield code="a">Confessions of a Soup Nazi, 2014:</subfield>
    <subfield code="b">title page (Larry Thomas) jacket flap (Thomas is an actor most recognized for his Emmy nominated performance as &quot;The Soup Nazi&quot; from Seinfeld; been an actor for thirty-five years)</subfield>
  </datafield>
  <datafield tag="670" ind1=" " ind2=" ">
    <subfield code="a">Actor&apos;s imdb, viewed January 2, 2020</subfield>
    <subfield code="b">(Larry Thomas, born 1956)</subfield>
    <subfield code="u">https://www.imdb.com/name/nm0859130/</subfield>
  </datafield>
</record>