
<record>
  <leader>00593cz  a2200169n  4500</leader>
  <controlfield tag="001">11257184</controlfield>
  <controlfield tag="003">DLC</controlfield>
  <controlfield tag="005">20200102143658.0</controlfield>
  <controlfield tag="008">200102n| azannaabn          |a aaa      </controlfield>
  <datafield tag="010" ind1=" " ind2=" ">
    <subfield code="a">n 2020000130</subfield>
  </datafield>
  <datafield tag="040" ind1=" " ind2=" ">
    <subfield code="a">DLC</subfield>
    <subfield code="b">eng</subfield>
    <subfield code="e">rda</subfield>
    <subfield code="c">DLC</subfield>
  </datafield>
  <datafield tag="100" ind1="1" ind2=" ">
    <subfield code="a">Codina Aguilar, Gabriel</subfield>
  </datafield>
  <datafield tag="370" ind1=" " ind2=" ">
    <subfield code="f">Aguascalientes (Mexico)</subfield>
    <subfield code="2">naf</subfield>
  </datafield>
  <datafield tag="373" ind1=" " ind2=" ">
    <subfield code="a">Cruz Roja Mexicana. Delegación Aguascalientes</subfield>
    <subfield code="2">naf</subfield>
  </datafield>
  <datafield tag="377" ind1=" " ind2=" ">
    <subfield code="a">spa</subfield>
  </datafield>
  <datafield tag="400" ind1="1" ind2=" ">
    <subfield code="a">Aguilar, Gabriel Codina</subfield>
  </datafield>
  <datafield tag="670" ind1=" " ind2=" ">
    <subfield code="a">Cruz Roja Mexicana, noviembre de 2016:</subfield>
    <subfield code="b">t.p. (Gabriel Codina Aguilar) p. 314, etc. (veteran of the Delegación Aguascalientes of the Cruz Roja Mexicana)</subfield>
  </datafield>
</record>