
<record>
  <leader>00601cz  a2200169n  4500</leader>
  <controlfield tag="001">11257185</controlfield>
  <controlfield tag="003">DLC</controlfield>
  <controlfield tag="005">20200102143728.0</controlfield>
  <controlfield tag="008">200102n| azannaabn          |a ana      </controlfield>
  <datafield tag="010" ind1=" " ind2=" ">
    <subfield code="a">n 2020000129</subfield>
  </datafield>
  <datafield tag="040" ind1=" " ind2=" ">
    <subfield code="a">DLC</subfield>
    <subfield code="b">eng</subfield>
    <subfield code="e">rda</subfield>
    <subfield code="c">DLC</subfield>
  </datafield>
  <datafield tag="110" ind1="2" ind2=" ">
    <subfield code="a">Madrigalisti Senesi.</subfield>
    <subfield code="b">Piccolo Coro</subfield>
  </datafield>
  <datafield tag="368" ind1=" " ind2=" ">
    <subfield code="a">Vocal groups</subfield>
    <subfield code="a">Choirs (Music)</subfield>
    <subfield code="2">lcsh</subfield>
  </datafield>
  <datafield tag="372" ind1=" " ind2=" ">
    <subfield code="a">Choral music</subfield>
    <subfield code="2">lcsh</subfield>
  </datafield>
  <datafield tag="410" ind1="2" ind2=" ">
    <subfield code="a">Piccolo Coro dei Madrigalisti Senesi</subfield>
  </datafield>
  <datafield tag="670" ind1=" " ind2=" ">
    <subfield code="a">Paisiello, G. Gli astrologi immaginari, 1989:</subfield>
    <subfield code="b">container (Piccolo Coro dei &quot;Madrigalisti Senesi&quot;)</subfield>
  </datafield>
  <datafield tag="670" ind1=" " ind2=" ">
    <subfield code="a">VIAF, Jan. 2, 2020:</subfield>
    <subfield code="b">(DNB AAP: Madrigalisti Senesi‏. Piccolo Coro‏)</subfield>
  </datafield>
</record>