
<record>
  <leader>00388cz  a2200133n  4500</leader>
  <controlfield tag="001">11257187</controlfield>
  <controlfield tag="003">DLC</controlfield>
  <controlfield tag="005">20200102144459.0</controlfield>
  <controlfield tag="008">200102n| azannaabn          |n aaa      </controlfield>
  <datafield tag="010" ind1=" " ind2=" ">
    <subfield code="a">n 2020000133</subfield>
  </datafield>
  <datafield tag="040" ind1=" " ind2=" ">
    <subfield code="a">DLC</subfield>
    <subfield code="b">eng</subfield>
    <subfield code="e">rda</subfield>
    <subfield code="c">DLC</subfield>
  </datafield>
  <datafield tag="100" ind1="1" ind2=" ">
    <subfield code="a">Griffith, Elmer B.</subfield>
  </datafield>
  <datafield tag="374" ind1=" " ind2=" ">
    <subfield code="a">Composers</subfield>
    <subfield code="2">lcdgt</subfield>
  </datafield>
  <datafield tag="670" ind1=" " ind2=" ">
    <subfield code="a">Griffith, E.B. I&apos;ll change your shadows to sunshine, 1912:</subfield>
    <subfield code="b">cover (music by Elmer B. Griffith)</subfield>
  </datafield>
</record>