
<record>
  <leader>00750nz  a2200157n  4500</leader>
  <controlfield tag="001">11257188</controlfield>
  <controlfield tag="003">DLC</controlfield>
  <controlfield tag="005">20200102144521.0</controlfield>
  <controlfield tag="008">200102n| azannaabn          |a ana      </controlfield>
  <datafield tag="010" ind1=" " ind2=" ">
    <subfield code="a">n 2020000135</subfield>
  </datafield>
  <datafield tag="040" ind1=" " ind2=" ">
    <subfield code="a">DLC</subfield>
    <subfield code="b">eng</subfield>
    <subfield code="e">rda</subfield>
    <subfield code="c">DLC</subfield>
  </datafield>
  <datafield tag="110" ind1="2" ind2=" ">
    <subfield code="a">Cruz Roja Mexicana.</subfield>
    <subfield code="b">Delegación Aguascalientes</subfield>
  </datafield>
  <datafield tag="370" ind1=" " ind2=" ">
    <subfield code="e">Aguascalientes (Mexico)</subfield>
    <subfield code="2">naf</subfield>
  </datafield>
  <datafield tag="371" ind1=" " ind2=" ">
    <subfield code="a">Dr. Enrique González Medina 104, Fracc. El Dorado</subfield>
    <subfield code="b">Aguascalientes</subfield>
    <subfield code="c">Ags.</subfield>
  </datafield>
  <datafield tag="410" ind1="2" ind2=" ">
    <subfield code="a">Cruz Roja Mexicana.</subfield>
    <subfield code="b">Delegación Estatal Aguascalientes</subfield>
  </datafield>
  <datafield tag="670" ind1=" " ind2=" ">
    <subfield code="a">Cruz Roja Mexicana, noviembre de 2016:</subfield>
    <subfield code="b">p. 4 of cover (Cruz Roja Mexicana, IAP Delegación Aguascalientes) p. facing t.p. (Cruza Roja IAP, Delegación Estatal Aguascalientes; Dr. Enrique González Medina 104, Fracc. El Dorado, Aguascalientes, Ags.)</subfield>
  </datafield>
</record>