
<record>
  <leader>00540nz  a2200145n  4500</leader>
  <controlfield tag="001">11257189</controlfield>
  <controlfield tag="003">DLC</controlfield>
  <controlfield tag="005">20200102144931.0</controlfield>
  <controlfield tag="008">200102n| azannaabn          |a aaa      </controlfield>
  <datafield tag="010" ind1=" " ind2=" ">
    <subfield code="a">n 2020000136</subfield>
  </datafield>
  <datafield tag="040" ind1=" " ind2=" ">
    <subfield code="a">DLC</subfield>
    <subfield code="b">eng</subfield>
    <subfield code="c">DLC</subfield>
    <subfield code="e">rda</subfield>
  </datafield>
  <datafield tag="100" ind1="1" ind2=" ">
    <subfield code="a">Kazari︠a︡n, Artashes</subfield>
    <subfield code="q">(Artashes Avakovich),</subfield>
    <subfield code="d">1903-1990</subfield>
  </datafield>
  <datafield tag="400" ind1="1" ind2=" ">
    <subfield code="a">Kazari︠a︡n, Artashes Avakovich,</subfield>
    <subfield code="d">1903-1990</subfield>
  </datafield>
  <datafield tag="670" ind1=" " ind2=" ">
    <subfield code="a">Polkovnik i ego vremi︠a︡, 2014:</subfield>
    <subfield code="b">title page (Artashes Kazari︠a︡n) page 11 (Artashes Avakovich Kazari︠a︡n) page 13 (05.05.1903 g.-18.01.1990 g.)</subfield>
  </datafield>
  <datafield tag="953" ind1=" " ind2=" ">
    <subfield code="a">cd24</subfield>
  </datafield>
</record>