
<record>
  <leader>00395nz  a2200133n  4500</leader>
  <controlfield tag="001">11257190</controlfield>
  <controlfield tag="003">DLC</controlfield>
  <controlfield tag="005">20200102145100.0</controlfield>
  <controlfield tag="008">200102n| azannaabn          |n aaa      </controlfield>
  <datafield tag="010" ind1=" " ind2=" ">
    <subfield code="a">n 2020000140</subfield>
  </datafield>
  <datafield tag="040" ind1=" " ind2=" ">
    <subfield code="a">DLC</subfield>
    <subfield code="b">eng</subfield>
    <subfield code="c">DLC</subfield>
    <subfield code="e">rda</subfield>
  </datafield>
  <datafield tag="100" ind1="1" ind2=" ">
    <subfield code="a">Kazari︠a︡n, Artashes Ėduardovich</subfield>
  </datafield>
  <datafield tag="670" ind1=" " ind2=" ">
    <subfield code="a">Polkovnik i ego vremi︠a︡, 2014:</subfield>
    <subfield code="b">title page verso (Kazari︠a︡n Artashes Ėduardovich)</subfield>
  </datafield>
  <datafield tag="953" ind1=" " ind2=" ">
    <subfield code="a">cd24</subfield>
  </datafield>
</record>