
<record>
  <leader>00587cz  a2200157n  4500</leader>
  <controlfield tag="001">11257191</controlfield>
  <controlfield tag="003">DLC</controlfield>
  <controlfield tag="005">20200102145237.0</controlfield>
  <controlfield tag="008">200102n| azannaabn          |n aaa      </controlfield>
  <datafield tag="010" ind1=" " ind2=" ">
    <subfield code="a">n 2020000134</subfield>
  </datafield>
  <datafield tag="040" ind1=" " ind2=" ">
    <subfield code="a">DLC</subfield>
    <subfield code="b">eng</subfield>
    <subfield code="e">rda</subfield>
    <subfield code="c">DLC</subfield>
  </datafield>
  <datafield tag="100" ind1="1" ind2=" ">
    <subfield code="a">Kaiser, Edwin Benjamin,</subfield>
    <subfield code="d">1935-1977.</subfield>
  </datafield>
  <datafield tag="370" ind1=" " ind2=" ">
    <subfield code="f">Miami (Fla.)</subfield>
  </datafield>
  <datafield tag="374" ind1=" " ind2=" ">
    <subfield code="a">Paramilitary forces</subfield>
    <subfield code="2">lcsh</subfield>
  </datafield>
  <datafield tag="374" ind1=" " ind2=" ">
    <subfield code="a">Dissenters</subfield>
    <subfield code="2">lcsh</subfield>
  </datafield>
  <datafield tag="670" ind1=" " ind2=" ">
    <subfield code="a">Edwin Kaiser&apos;s covert life, 2014:</subfield>
    <subfield code="b">title page (Edwin Kaiser) p. 198 (born 1935 and died 1977) p. 203 (sometimes lived and operated in Miami, Fla.; paramilitary leader and dissenter in anti-Castro movement)</subfield>
  </datafield>
</record>