
<record>
  <leader>00451nz  a2200133n  4500</leader>
  <controlfield tag="001">11257192</controlfield>
  <controlfield tag="003">DLC</controlfield>
  <controlfield tag="005">20200102145217.0</controlfield>
  <controlfield tag="008">200102n| azannaabn          |a aaa      </controlfield>
  <datafield tag="010" ind1=" " ind2=" ">
    <subfield code="a">n 2020000138</subfield>
  </datafield>
  <datafield tag="040" ind1=" " ind2=" ">
    <subfield code="a">DLC</subfield>
    <subfield code="b">eng</subfield>
    <subfield code="e">rda</subfield>
    <subfield code="c">DLC</subfield>
  </datafield>
  <datafield tag="100" ind1="1" ind2=" ">
    <subfield code="a">Nagy, Ilona M.</subfield>
  </datafield>
  <datafield tag="400" ind1="1" ind2=" ">
    <subfield code="a">M. Nagy, Ilona</subfield>
  </datafield>
  <datafield tag="670" ind1=" " ind2=" ">
    <subfield code="a">Tanulmányok a magyar egyházi nyelv története köréből, 2003:</subfield>
    <subfield code="b">title page (M. Nagy Ilona) p. 218 (Debreceni Egyetem BTK Klassika-filológia Tanszék)</subfield>
  </datafield>
</record>