
<record>
  <leader>00742nz  a2200181n  4500</leader>
  <controlfield tag="001">11257193</controlfield>
  <controlfield tag="003">DLC</controlfield>
  <controlfield tag="005">20200102145331.0</controlfield>
  <controlfield tag="008">200102n| azannaabn          |a aaa      </controlfield>
  <datafield tag="010" ind1=" " ind2=" ">
    <subfield code="a">n 2020000132</subfield>
  </datafield>
  <datafield tag="040" ind1=" " ind2=" ">
    <subfield code="a">DLC</subfield>
    <subfield code="b">eng</subfield>
    <subfield code="e">rda</subfield>
    <subfield code="c">DLC</subfield>
  </datafield>
  <datafield tag="046" ind1=" " ind2=" ">
    <subfield code="k">2009</subfield>
    <subfield code="2">edtf</subfield>
  </datafield>
  <datafield tag="100" ind1="1" ind2=" ">
    <subfield code="a">Holmes, Jeffrey,</subfield>
    <subfield code="d">1971-</subfield>
    <subfield code="t">Quartets,</subfield>
    <subfield code="m">violin (2), viola, cello,</subfield>
    <subfield code="n">no. 2</subfield>
  </datafield>
  <datafield tag="380" ind1=" " ind2=" ">
    <subfield code="a">Chamber music</subfield>
    <subfield code="2">lcgft</subfield>
  </datafield>
  <datafield tag="382" ind1="0" ind2=" ">
    <subfield code="a">violin</subfield>
    <subfield code="n">2</subfield>
    <subfield code="a">viola</subfield>
    <subfield code="n">1</subfield>
    <subfield code="a">cello</subfield>
    <subfield code="n">1</subfield>
    <subfield code="s">4</subfield>
    <subfield code="2">lcmpt</subfield>
  </datafield>
  <datafield tag="383" ind1=" " ind2=" ">
    <subfield code="a">no. 2</subfield>
  </datafield>
  <datafield tag="400" ind1="1" ind2=" ">
    <subfield code="a">Holmes, Jeffrey,</subfield>
    <subfield code="d">1971-</subfield>
    <subfield code="t">Kirurgi</subfield>
  </datafield>
  <datafield tag="670" ind1=" " ind2=" ">
    <subfield code="a">String quartet no. 2, 2009:</subfield>
    <subfield code="b">t.p. subtitle (Kirurgi) program note (written in the fall of 2009, and consists of six movements that are separated by texutual differences, but united through motivic unity and a consistent harmonic landscape.)</subfield>
  </datafield>
</record>