
<record>
  <leader>00806nz  a2200181n  4500</leader>
  <controlfield tag="001">11257194</controlfield>
  <controlfield tag="003">DLC</controlfield>
  <controlfield tag="005">20200102145416.0</controlfield>
  <controlfield tag="008">200102n| azannaabn           n aaa      </controlfield>
  <datafield tag="010" ind1=" " ind2=" ">
    <subfield code="a">n 2020000137</subfield>
  </datafield>
  <datafield tag="040" ind1=" " ind2=" ">
    <subfield code="a">DLC</subfield>
    <subfield code="b">eng</subfield>
    <subfield code="e">rda</subfield>
    <subfield code="c">DLC</subfield>
  </datafield>
  <datafield tag="046" ind1=" " ind2=" ">
    <subfield code="f">1965</subfield>
    <subfield code="2">edtf</subfield>
  </datafield>
  <datafield tag="100" ind1="1" ind2=" ">
    <subfield code="a">Lozano, Gilberto,</subfield>
    <subfield code="d">1965-</subfield>
  </datafield>
  <datafield tag="370" ind1=" " ind2=" ">
    <subfield code="a">Bogotá (Colombia)</subfield>
    <subfield code="2">naf</subfield>
  </datafield>
  <datafield tag="373" ind1=" " ind2=" ">
    <subfield code="a">Anderson University (Anderson, Ind.)</subfield>
    <subfield code="2">naf</subfield>
  </datafield>
  <datafield tag="670" ind1=" " ind2=" ">
    <subfield code="a">Isaiah 40-66, 2020:</subfield>
    <subfield code="b">ECIP title page (Gilberto Lozano) contributor view (birth year: 1965)</subfield>
  </datafield>
  <datafield tag="670" ind1=" " ind2=" ">
    <subfield code="a">Anderson University website, Jan. 2, 2020</subfield>
    <subfield code="b">(Dr. Gilbert Lozano; Gilbert Lozano, professor of biblical studies and Hebrew, was born in Bogotá, Colombia; Ph.D., University of Denver/Iliff School of Theology; Dr. Gilberto (Gilbert) Lozano)</subfield>
  </datafield>
  <datafield tag="670" ind1=" " ind2=" ">
    <subfield code="a">Copyright catalog, Jan. 2, 2020</subfield>
    <subfield code="b">(Lozano, Gilberto)</subfield>
  </datafield>
</record>