
<record>
  <leader>00908cz  a2200229n  4500</leader>
  <controlfield tag="001">11257195</controlfield>
  <controlfield tag="003">DLC</controlfield>
  <controlfield tag="005">20200102150337.0</controlfield>
  <controlfield tag="008">200102n| azannaabn          |b aaa      </controlfield>
  <datafield tag="010" ind1=" " ind2=" ">
    <subfield code="a">n 2020000143</subfield>
  </datafield>
  <datafield tag="040" ind1=" " ind2=" ">
    <subfield code="a">DLC</subfield>
    <subfield code="b">eng</subfield>
    <subfield code="c">DLC</subfield>
    <subfield code="e">rda</subfield>
  </datafield>
  <datafield tag="100" ind1="1" ind2=" ">
    <subfield code="a">Posvistak, O. A.</subfield>
    <subfield code="q">(Olesi︠a︡ Anatoliïvna)</subfield>
  </datafield>
  <datafield tag="373" ind1=" " ind2=" ">
    <subfield code="a">Psychology</subfield>
    <subfield code="2">lcsh</subfield>
  </datafield>
  <datafield tag="375" ind1=" " ind2=" ">
    <subfield code="a">female</subfield>
  </datafield>
  <datafield tag="377" ind1=" " ind2=" ">
    <subfield code="a">ukr</subfield>
  </datafield>
  <datafield tag="378" ind1=" " ind2=" ">
    <subfield code="q">Olesi︠a︡ Anatoliïvna</subfield>
  </datafield>
  <datafield tag="400" ind1="1" ind2=" ">
    <subfield code="a">Posvistak, Olesi︠a︡ Anatoliïvna</subfield>
  </datafield>
  <datafield tag="400" ind1="1" ind2=" ">
    <subfield code="a">Посвістак, О. А.</subfield>
    <subfield code="q">(Олеся Анатоліївна)</subfield>
  </datafield>
  <datafield tag="400" ind1="1" ind2=" ">
    <subfield code="a">Посвістак, Олеся Анатоліївна</subfield>
  </datafield>
  <datafield tag="667" ind1=" " ind2=" ">
    <subfield code="a">Non-Latin script reference not evaluated.</subfield>
  </datafield>
  <datafield tag="670" ind1=" " ind2=" ">
    <subfield code="a">Teoretyko-istorychni osnovy psykholohiï sim&apos;ï, 2017:</subfield>
    <subfield code="b">title page (Посвістак О.А. = Posvistak O.A.) colophon (Посвістак Олеся Анатоліївна = Posvistak Olesi︠a︡ Anatoliïvna)</subfield>
  </datafield>
  <datafield tag="953" ind1=" " ind2=" ">
    <subfield code="a">fc04</subfield>
  </datafield>
</record>