
<record>
  <leader>00478nz  a2200145n  4500</leader>
  <controlfield tag="001">11257196</controlfield>
  <controlfield tag="003">DLC</controlfield>
  <controlfield tag="005">20200102145428.0</controlfield>
  <controlfield tag="008">200102n| azannaabn          |n aaa      </controlfield>
  <datafield tag="010" ind1=" " ind2=" ">
    <subfield code="a">n 2020000139</subfield>
  </datafield>
  <datafield tag="040" ind1=" " ind2=" ">
    <subfield code="a">DLC</subfield>
    <subfield code="b">eng</subfield>
    <subfield code="e">rda</subfield>
    <subfield code="c">DLC</subfield>
  </datafield>
  <datafield tag="100" ind1="1" ind2=" ">
    <subfield code="a">Coulibaly, Ibrahima,</subfield>
    <subfield code="d">1994-</subfield>
  </datafield>
  <datafield tag="375" ind1=" " ind2=" ">
    <subfield code="a">Males</subfield>
    <subfield code="2">lcdgt</subfield>
  </datafield>
  <datafield tag="377" ind1=" " ind2=" ">
    <subfield code="a">fre</subfield>
  </datafield>
  <datafield tag="670" ind1=" " ind2=" ">
    <subfield code="a">Le profit de la patience, 2019:</subfield>
    <subfield code="b">title page (Ibrahima Coulibaly) cover p. 4. (b. 1994 in Markala; master&apos;s degree in law form the University of Bamako in 2016)</subfield>
  </datafield>
</record>