
<record>
  <leader>00397nz  a2200133n  4500</leader>
  <controlfield tag="001">11257197</controlfield>
  <controlfield tag="003">DLC</controlfield>
  <controlfield tag="005">20200102145617.0</controlfield>
  <controlfield tag="008">200102n| azannaabn          |a aaa      </controlfield>
  <datafield tag="010" ind1=" " ind2=" ">
    <subfield code="a">n 2020000144</subfield>
  </datafield>
  <datafield tag="040" ind1=" " ind2=" ">
    <subfield code="a">DLC</subfield>
    <subfield code="b">eng</subfield>
    <subfield code="c">DLC</subfield>
    <subfield code="e">rda</subfield>
  </datafield>
  <datafield tag="100" ind1="1" ind2=" ">
    <subfield code="a">Ködöböcz, Gábor.</subfield>
    <subfield code="t">Essays.</subfield>
    <subfield code="k">Selections</subfield>
  </datafield>
  <datafield tag="400" ind1="1" ind2=" ">
    <subfield code="a">Ködöböcz, Gábor.</subfield>
    <subfield code="t">Költők, versek, erőterek</subfield>
  </datafield>
  <datafield tag="670" ind1=" " ind2=" ">
    <subfield code="a">Költők, versek, erőterek, 2019</subfield>
  </datafield>
</record>