
<record>
  <leader>00792cz  a2200193n  4500</leader>
  <controlfield tag="001">11257198</controlfield>
  <controlfield tag="003">DLC</controlfield>
  <controlfield tag="005">20200102150719.0</controlfield>
  <controlfield tag="008">200102n| azannaabn          |b ana      </controlfield>
  <datafield tag="010" ind1=" " ind2=" ">
    <subfield code="a">n 2020000141</subfield>
  </datafield>
  <datafield tag="040" ind1=" " ind2=" ">
    <subfield code="a">DLC</subfield>
    <subfield code="b">eng</subfield>
    <subfield code="e">rda</subfield>
    <subfield code="c">DLC</subfield>
  </datafield>
  <datafield tag="043" ind1=" " ind2=" ">
    <subfield code="a">e-kv---</subfield>
  </datafield>
  <datafield tag="151" ind1=" " ind2=" ">
    <subfield code="a">Gracë (Kosovo)</subfield>
  </datafield>
  <datafield tag="451" ind1=" " ind2=" ">
    <subfield code="a">Grace (Kosovo)</subfield>
  </datafield>
  <datafield tag="451" ind1=" " ind2=" ">
    <subfield code="a">Граце (Косово и Метохиjа)</subfield>
  </datafield>
  <datafield tag="667" ind1=" " ind2=" ">
    <subfield code="a">Non-Latin script reference not evaluated.</subfield>
  </datafield>
  <datafield tag="670" ind1=" " ind2=" ">
    <subfield code="a">Grace, 2016:</subfield>
    <subfield code="b">page 7 (a small Serbian village in Kosovo and Metohija, located between Vučitrn and Priština)</subfield>
  </datafield>
  <datafield tag="670" ind1=" " ind2=" ">
    <subfield code="a">GNS, Jan. 2, 2020:</subfield>
    <subfield code="b">(Gracë, populated place, 42° 44ʹ 44ʺ N, 021° 03ʹ 32ʺ E; first order administrative division: Vushtrri [Albanian] / Vučitrn [Serbian]; variant names: Grace, Граце; )</subfield>
  </datafield>
  <datafield tag="781" ind1=" " ind2="0">
    <subfield code="z">Kosovo</subfield>
    <subfield code="z">Gracë</subfield>
  </datafield>
</record>