
<record>
  <leader>00540nz  a2200145n  4500</leader>
  <controlfield tag="001">11257199</controlfield>
  <controlfield tag="003">DLC</controlfield>
  <controlfield tag="005">20200102145938.0</controlfield>
  <controlfield tag="008">200102n| azannaabn          |n aaa      </controlfield>
  <datafield tag="010" ind1=" " ind2=" ">
    <subfield code="a">n 2020000142</subfield>
  </datafield>
  <datafield tag="040" ind1=" " ind2=" ">
    <subfield code="a">DLC</subfield>
    <subfield code="b">eng</subfield>
    <subfield code="e">rda</subfield>
    <subfield code="c">DLC</subfield>
  </datafield>
  <datafield tag="053" ind1=" " ind2="0">
    <subfield code="a">PS3611.I45154</subfield>
  </datafield>
  <datafield tag="100" ind1="1" ind2=" ">
    <subfield code="a">Killian, Dot</subfield>
  </datafield>
  <datafield tag="378" ind1=" " ind2=" ">
    <subfield code="q">Dorothy J.</subfield>
  </datafield>
  <datafield tag="670" ind1=" " ind2=" ">
    <subfield code="a">October&apos;s child, 2019:</subfield>
    <subfield code="b">title page (Dot Killian) page 4 of cover (Dorothy J. &quot;Dot&quot; Killian is a teacher, lawyer, and pastor; her poetry has appeared in A living culture in Durham, a collection of writings by Durham area authors)</subfield>
  </datafield>
</record>