
<record>
  <leader>00385nz  a2200133n  4500</leader>
  <controlfield tag="001">11257200</controlfield>
  <controlfield tag="003">DLC</controlfield>
  <controlfield tag="005">20200102150340.0</controlfield>
  <controlfield tag="008">200102n| azannaabn          |a aaa      </controlfield>
  <datafield tag="010" ind1=" " ind2=" ">
    <subfield code="a">n 2020000145</subfield>
  </datafield>
  <datafield tag="040" ind1=" " ind2=" ">
    <subfield code="a">DLC</subfield>
    <subfield code="b">eng</subfield>
    <subfield code="e">rda</subfield>
    <subfield code="c">DLC</subfield>
  </datafield>
  <datafield tag="100" ind1="1" ind2=" ">
    <subfield code="a">Dougherty, Sean Thomas.</subfield>
    <subfield code="t">Works.</subfield>
    <subfield code="k">Selections</subfield>
  </datafield>
  <datafield tag="400" ind1="1" ind2=" ">
    <subfield code="a">Dougherty, Sean Thomas.</subfield>
    <subfield code="t">All my people are elegies</subfield>
  </datafield>
  <datafield tag="670" ind1=" " ind2=" ">
    <subfield code="a">All my people are elegies, 2019.</subfield>
  </datafield>
</record>