
<record>
  <leader>00583cz  a2200133n  4500</leader>
  <controlfield tag="001">11257201</controlfield>
  <controlfield tag="003">DLC</controlfield>
  <controlfield tag="005">20200102151300.0</controlfield>
  <controlfield tag="008">200102n| azannaabn          |n aaa      </controlfield>
  <datafield tag="010" ind1=" " ind2=" ">
    <subfield code="a">n 2020000146</subfield>
  </datafield>
  <datafield tag="040" ind1=" " ind2=" ">
    <subfield code="a">DLC</subfield>
    <subfield code="b">eng</subfield>
    <subfield code="e">rda</subfield>
    <subfield code="c">DLC</subfield>
  </datafield>
  <datafield tag="053" ind1=" " ind2="0">
    <subfield code="a">PS3608.E3367</subfield>
  </datafield>
  <datafield tag="100" ind1="1" ind2=" ">
    <subfield code="a">Heffernan, Gloria</subfield>
  </datafield>
  <datafield tag="670" ind1=" " ind2=" ">
    <subfield code="a">What the gratitude list said to the bucket list, 2019:</subfield>
    <subfield code="b">title page (Gloria Heffernan) page 4 of cover (author of two chapbooks: Hail to the symptom and Some of our parts; adjunct instructor at Le Moyne College; teaches at the The Downtown Writers Center at the Syracuse YMCA; lives in Syracuse)</subfield>
  </datafield>
</record>