
<record>
  <leader>00588cz  a2200157n  4500</leader>
  <controlfield tag="001">11257202</controlfield>
  <controlfield tag="003">DLC</controlfield>
  <controlfield tag="005">20200102152013.0</controlfield>
  <controlfield tag="008">200102n| azannaabn          |n ana      </controlfield>
  <datafield tag="010" ind1=" " ind2=" ">
    <subfield code="a">n 2020000147</subfield>
  </datafield>
  <datafield tag="040" ind1=" " ind2=" ">
    <subfield code="a">DLC</subfield>
    <subfield code="b">eng</subfield>
    <subfield code="e">rda</subfield>
    <subfield code="c">DLC</subfield>
  </datafield>
  <datafield tag="046" ind1=" " ind2=" ">
    <subfield code="s">2019-01-21</subfield>
    <subfield code="t">2019-01-25</subfield>
    <subfield code="2">edtf</subfield>
  </datafield>
  <datafield tag="111" ind1="2" ind2=" ">
    <subfield code="a">Congreso Internacional Hispanoamericano de Historia de la Construcción</subfield>
    <subfield code="n">(3rd :</subfield>
    <subfield code="d">2019 :</subfield>
    <subfield code="c">Mexico City, Mexico)</subfield>
  </datafield>
  <datafield tag="370" ind1=" " ind2=" ">
    <subfield code="e">Mexico City (Mexico)</subfield>
    <subfield code="2">naf</subfield>
  </datafield>
  <datafield tag="377" ind1=" " ind2=" ">
    <subfield code="a">spa</subfield>
  </datafield>
  <datafield tag="670" ind1=" " ind2=" ">
    <subfield code="a">III Congreso Internacional Hispanoamericano de Historia de la Construcción : Ciudad de México, 21-25 de enero de 2019, 2019.</subfield>
  </datafield>
</record>