
<record>
  <leader>00351nz  a2200133n  4500</leader>
  <controlfield tag="001">11257204</controlfield>
  <controlfield tag="003">DLC</controlfield>
  <controlfield tag="005">20200102152353.0</controlfield>
  <controlfield tag="008">200102n| azannaabn          |a aaa      </controlfield>
  <datafield tag="010" ind1=" " ind2=" ">
    <subfield code="a">n 2020000151</subfield>
  </datafield>
  <datafield tag="040" ind1=" " ind2=" ">
    <subfield code="a">DLC</subfield>
    <subfield code="b">eng</subfield>
    <subfield code="e">rda</subfield>
    <subfield code="c">DLC</subfield>
  </datafield>
  <datafield tag="100" ind1="1" ind2=" ">
    <subfield code="a">Williams, Ted,</subfield>
    <subfield code="d">1946-</subfield>
    <subfield code="t">Wild moments</subfield>
  </datafield>
  <datafield tag="400" ind1="1" ind2=" ">
    <subfield code="a">Williams, Ted,</subfield>
    <subfield code="d">1946-</subfield>
    <subfield code="t">Earth almanac</subfield>
  </datafield>
  <datafield tag="670" ind1=" " ind2=" ">
    <subfield code="a">Earth almanac, 2020.</subfield>
  </datafield>
</record>