
<record>
  <leader>00343cz  a2200133n  4500</leader>
  <controlfield tag="001">11257205</controlfield>
  <controlfield tag="003">DLC</controlfield>
  <controlfield tag="005">20200102152724.0</controlfield>
  <controlfield tag="008">200102n| azannaabn          |a aaa      </controlfield>
  <datafield tag="010" ind1=" " ind2=" ">
    <subfield code="a">n 2020000152</subfield>
  </datafield>
  <datafield tag="040" ind1=" " ind2=" ">
    <subfield code="a">DLC</subfield>
    <subfield code="b">eng</subfield>
    <subfield code="e">rda</subfield>
    <subfield code="c">DLC</subfield>
  </datafield>
  <datafield tag="100" ind1="1" ind2=" ">
    <subfield code="a">Arsić, Goran,</subfield>
    <subfield code="d">1989-</subfield>
    <subfield code="t">Works.</subfield>
    <subfield code="k">Selections</subfield>
  </datafield>
  <datafield tag="400" ind1="1" ind2=" ">
    <subfield code="a">Arsić, Goran,</subfield>
    <subfield code="d">1989-</subfield>
    <subfield code="t">Grace</subfield>
  </datafield>
  <datafield tag="670" ind1=" " ind2=" ">
    <subfield code="a">Grace, 2016.</subfield>
  </datafield>
</record>