
<record>
  <leader>00462nz  a2200133n  4500</leader>
  <controlfield tag="001">11257206</controlfield>
  <controlfield tag="003">DLC</controlfield>
  <controlfield tag="005">20200102152425.0</controlfield>
  <controlfield tag="008">200102n| azannaabn          |n aaa      </controlfield>
  <datafield tag="010" ind1=" " ind2=" ">
    <subfield code="a">n 2020000150</subfield>
  </datafield>
  <datafield tag="040" ind1=" " ind2=" ">
    <subfield code="a">DLC</subfield>
    <subfield code="b">eng</subfield>
    <subfield code="e">rda</subfield>
    <subfield code="c">DLC</subfield>
  </datafield>
  <datafield tag="100" ind1="1" ind2=" ">
    <subfield code="a">Rodda, Katherine</subfield>
  </datafield>
  <datafield tag="670" ind1=" " ind2=" ">
    <subfield code="a">Resources for disabled veterans, 2019:</subfield>
    <subfield code="b">title page (Katherine Rodda)</subfield>
  </datafield>
  <datafield tag="670" ind1=" " ind2=" ">
    <subfield code="a">Library of Congress staff directory, viewed January 2, 2020 :</subfield>
    <subfield code="b">(Rodda, Katherine A. ; Music Reader Services Librarian)</subfield>
  </datafield>
</record>