
<record>
  <leader>00369cz  a2200133n  4500</leader>
  <controlfield tag="001">11257207</controlfield>
  <controlfield tag="003">DLC</controlfield>
  <controlfield tag="005">20200102152500.0</controlfield>
  <controlfield tag="008">200102n| azannaabn          |n aaa      </controlfield>
  <datafield tag="010" ind1=" " ind2=" ">
    <subfield code="a">n 2020000153</subfield>
  </datafield>
  <datafield tag="040" ind1=" " ind2=" ">
    <subfield code="a">DLC</subfield>
    <subfield code="b">eng</subfield>
    <subfield code="e">rda</subfield>
    <subfield code="c">DLC</subfield>
  </datafield>
  <datafield tag="100" ind1="1" ind2=" ">
    <subfield code="a">Bartlette, Cornelia</subfield>
    <subfield code="c">(Knitwear designer)</subfield>
  </datafield>
  <datafield tag="670" ind1=" " ind2=" ">
    <subfield code="a">Knits from the greenhouse, 2019:</subfield>
    <subfield code="b">title page (Cornelia Bartlette)</subfield>
  </datafield>
  <datafield tag="953" ind1=" " ind2=" ">
    <subfield code="a">rk23</subfield>
  </datafield>
</record>