
<record>
  <leader>04966cz  a2200589n  4500</leader>
  <controlfield tag="001">11257208</controlfield>
  <controlfield tag="003">DLC</controlfield>
  <controlfield tag="005">20200102171044.0</controlfield>
  <controlfield tag="008">200102n| azannaabn          |a aaa      </controlfield>
  <datafield tag="010" ind1=" " ind2=" ">
    <subfield code="a">n 2020000154</subfield>
  </datafield>
  <datafield tag="040" ind1=" " ind2=" ">
    <subfield code="a">DLC</subfield>
    <subfield code="b">eng</subfield>
    <subfield code="e">rda</subfield>
    <subfield code="c">DLC</subfield>
  </datafield>
  <datafield tag="046" ind1=" " ind2=" ">
    <subfield code="f">1960-06-30</subfield>
    <subfield code="2">edtf</subfield>
  </datafield>
  <datafield tag="100" ind1="1" ind2=" ">
    <subfield code="a">Navarro de Acosta, María del Carmen,</subfield>
    <subfield code="d">1960-</subfield>
  </datafield>
  <datafield tag="370" ind1=" " ind2=" ">
    <subfield code="e">Lima (Peru)</subfield>
    <subfield code="2">naf</subfield>
  </datafield>
  <datafield tag="370" ind1=" " ind2=" ">
    <subfield code="f">Santiago (Chile)</subfield>
    <subfield code="2">naf</subfield>
  </datafield>
  <datafield tag="371" ind1=" " ind2=" ">
    <subfield code="m">mcnavarro@terra.com.pe</subfield>
  </datafield>
  <datafield tag="372" ind1=" " ind2=" ">
    <subfield code="a">HIV</subfield>
  </datafield>
  <datafield tag="372" ind1=" " ind2=" ">
    <subfield code="a">Tuberculosis</subfield>
  </datafield>
  <datafield tag="372" ind1=" " ind2=" ">
    <subfield code="a">Malaria</subfield>
  </datafield>
  <datafield tag="372" ind1=" " ind2=" ">
    <subfield code="a">Drugs</subfield>
  </datafield>
  <datafield tag="372" ind1=" " ind2=" ">
    <subfield code="a">Family and sexual violence</subfield>
  </datafield>
  <datafield tag="372" ind1=" " ind2=" ">
    <subfield code="a">Public management</subfield>
  </datafield>
  <datafield tag="372" ind1=" " ind2=" ">
    <subfield code="a">Social security</subfield>
  </datafield>
  <datafield tag="372" ind1=" " ind2=" ">
    <subfield code="a">Budget</subfield>
  </datafield>
  <datafield tag="372" ind1=" " ind2=" ">
    <subfield code="a">Systems design and analysis</subfield>
  </datafield>
  <datafield tag="373" ind1=" " ind2=" ">
    <subfield code="a">UN Women Peru</subfield>
  </datafield>
  <datafield tag="373" ind1=" " ind2=" ">
    <subfield code="a">Universidad ESAN</subfield>
    <subfield code="2">naf</subfield>
  </datafield>
  <datafield tag="373" ind1=" " ind2=" ">
    <subfield code="a">Universidad Nacional Mayor de San Marcos</subfield>
    <subfield code="2">naf</subfield>
  </datafield>
  <datafield tag="373" ind1=" " ind2=" ">
    <subfield code="a">Latin American Institute for Economic and Social Planning</subfield>
    <subfield code="2">naf</subfield>
  </datafield>
  <datafield tag="373" ind1=" " ind2=" ">
    <subfield code="a">Peru. Ministerio de Economía y Finanzas</subfield>
    <subfield code="2">naf</subfield>
  </datafield>
  <datafield tag="373" ind1=" " ind2=" ">
    <subfield code="a">Peru. Ministerio de Agricultura</subfield>
    <subfield code="2">naf</subfield>
  </datafield>
  <datafield tag="373" ind1=" " ind2=" ">
    <subfield code="a">Centro Virtual de Coordinación del Conocimiento en el tema VIH</subfield>
    <subfield code="s">2011</subfield>
  </datafield>
  <datafield tag="373" ind1=" " ind2=" ">
    <subfield code="a">Peru. Oficina Nacional de Procesos Electorales</subfield>
    <subfield code="2">naf</subfield>
  </datafield>
  <datafield tag="373" ind1=" " ind2=" ">
    <subfield code="a">Universidad Peruana Cayetano Heredia, Facultad de Medicina &quot;Alberto Hurtado&quot;</subfield>
    <subfield code="2">naf</subfield>
  </datafield>
  <datafield tag="374" ind1=" " ind2=" ">
    <subfield code="a">Economist</subfield>
    <subfield code="a">Consultant</subfield>
    <subfield code="a">Government executive</subfield>
    <subfield code="a">Professor</subfield>
  </datafield>
  <datafield tag="373" ind1=" " ind2=" ">
    <subfield code="a">Universidad Peruana Cayetano Heredia, Unidad de Salud, Sexualidad y Desarrollo Humano</subfield>
  </datafield>
  <datafield tag="375" ind1=" " ind2=" ">
    <subfield code="a">Females</subfield>
    <subfield code="2">lcdgt</subfield>
  </datafield>
  <datafield tag="377" ind1=" " ind2=" ">
    <subfield code="a">spa</subfield>
  </datafield>
  <datafield tag="378" ind1=" " ind2=" ">
    <subfield code="q">Navarro Lévano de Acosta</subfield>
  </datafield>
  <datafield tag="400" ind1="1" ind2=" ">
    <subfield code="a">Acosta, María del Carmen Navarro de</subfield>
  </datafield>
  <datafield tag="400" ind1="1" ind2=" ">
    <subfield code="a">De Acosta, María del Carmen Navarro</subfield>
  </datafield>
  <datafield tag="400" ind1="1" ind2=" ">
    <subfield code="a">Navarro Lévano de Acosta, María del Carmen</subfield>
  </datafield>
  <datafield tag="400" ind1="1" ind2=" ">
    <subfield code="a">Lévano de Acosta, María del Carmen Navarro</subfield>
  </datafield>
  <datafield tag="400" ind1="1" ind2=" ">
    <subfield code="a">Lévano, María del Carmen Navarro</subfield>
  </datafield>
  <datafield tag="400" ind1="1" ind2=" ">
    <subfield code="a">Navarro Lévano, María del Carmen</subfield>
  </datafield>
  <datafield tag="400" ind1="1" ind2=" ">
    <subfield code="a">Navarro, María del Carmen</subfield>
  </datafield>
  <datafield tag="670" ind1=" " ind2=" ">
    <subfield code="a">Estudio del impacto social y económico del consumo de drogas en el Perú, 2010:</subfield>
    <subfield code="b">page 3 (María del Carmen Navarro de Acosta) title page verso (published by the Comisión Nacional para el Desarrollo y Vida sin Drogas DEVIDA and the Observatorio Peruano de Drogas (OPD) in Lima)</subfield>
  </datafield>
  <datafield tag="670" ind1=" " ind2=" ">
    <subfield code="a">Centro Virtual de Coordinación del Conocimiento en el tema VIH (CVCC) website, January 2, 2020:</subfield>
    <subfield code="b">(María del Carmen Navarro de Acosta; member since November 16, 2011; economist; affiliated with ONU Mujeres; resident of Lima; specialist in HIV, tuberculosis, malaria, drugs, family and sexual violence, public management)</subfield>
    <subfield code="u">https://cvcc-vih.ins.gob.pe/index.php/editar-perfil/187-maria-del-carmen-navarro-de-acosta</subfield>
  </datafield>
  <datafield tag="670" ind1=" " ind2=" ">
    <subfield code="a">Oficina Nacional de Procesos Electorales ONPE website, January 2, 2020:</subfield>
    <subfield code="b">document published in 2016 (María del Carmen Navarro de Acosta; economist; master&apos;s in business administration, Universidad ESAN; Ph.D. in economics, Universidad Nacional Mayor de San Marcos; specialist degree in public management, ILPES-Chile; expert in systems design and analysis; university professor; has had various positions in a various of federal government agencies; consultant who has been affiliated with various Peruvian and foreign institutions as well as projects financed by multinational organizations; her picture is the same as the one in the Centro Virtual de Coordinación del Conocimiento en el tema VIH (CVCC) website)</subfield>
    <subfield code="u">https://www.web.onpe.gob.pe/modEducacion/Publicaciones/L-0118.pdf</subfield>
  </datafield>
  <datafield tag="670" ind1=" " ind2=" ">
    <subfield code="a">Universidad Peruana Cayetano Heredia, Facultad de Medicina website, January 2, 2020:</subfield>
    <subfield code="b">(Eco. María del Carmen Navarro Lévano; economist; Ph.D. candidate in economics, Universidad Nacional Mayor de San Marcos; master&apos;s in business administration, Universidad ESAN; experience in management, finance, planning, budget, and management of social projects; has had management positions with various organizations including the Ministerio de Economía y Finanzas, the Ministerio de Agricultura, and ONPE; consultant to various organizations including ONU Mujeres; professor; expert in systems design and analysis)</subfield>
    <subfield code="u">http://www.upch.edu.pe/famed/posgrado/es/cursos/evaluacion-economica-de-la-salud</subfield>
  </datafield>
  <datafield tag="670" ind1=" " ind2=" ">
    <subfield code="a">CEPAL website, January 2, 2020:</subfield>
    <subfield code="b">(María del Carmen Navarro Lévano de Acosta; born June 30, 1960; economist with a degree from the Universidad Nacional Mayor de San Marcos; master&apos;s in business administration, Universidad ESAN; resident of Lima; mcnavarro@terra.com.pe; specialist in budgets and social security)</subfield>
    <subfield code="u">https://www.cepal.org/mujer/proyectos/gtz/lectura2.asp?id=104</subfield>
  </datafield>
  <datafield tag="670" ind1=" " ind2=" ">
    <subfield code="a">Fortalecimiento de la prevención y control de la tuberculosis en el Perú, 2009:</subfield>
    <subfield code="b">title page verso (Maria del Carmen Navarro; economics consultant affiliated with the research team of the Unidad de Salud, Sexualidad y Desarrollo Humano of the Facultad de Salud Pública “Carlos Vidal Layseca” of the Universidad Peruana Cayetano Heredia (UPCH))</subfield>
    <subfield code="u">http://bvs.minsa.gob.pe/local/MINSA/1673.pdf</subfield>
  </datafield>
</record>