
<record>
  <leader>00738nz  a2200169n  4500</leader>
  <controlfield tag="001">11257209</controlfield>
  <controlfield tag="003">DLC</controlfield>
  <controlfield tag="005">20200102153426.0</controlfield>
  <controlfield tag="008">200102n| azannaabn           n aaa      </controlfield>
  <datafield tag="010" ind1=" " ind2=" ">
    <subfield code="a">n 2020000149</subfield>
  </datafield>
  <datafield tag="040" ind1=" " ind2=" ">
    <subfield code="a">DLC</subfield>
    <subfield code="b">eng</subfield>
    <subfield code="e">rda</subfield>
    <subfield code="c">DLC</subfield>
  </datafield>
  <datafield tag="046" ind1=" " ind2=" ">
    <subfield code="f">1733</subfield>
    <subfield code="g">1807</subfield>
    <subfield code="2">edtf</subfield>
  </datafield>
  <datafield tag="100" ind1="1" ind2=" ">
    <subfield code="a">Wride, Thomas,</subfield>
    <subfield code="d">1733-1807</subfield>
  </datafield>
  <datafield tag="372" ind1=" " ind2=" ">
    <subfield code="a">Methodist preaching</subfield>
    <subfield code="2">lcsh</subfield>
  </datafield>
  <datafield tag="670" ind1=" " ind2=" ">
    <subfield code="a">Thomas Wride and Wesley&apos;s Methodist Connexion, 2020:</subfield>
    <subfield code="b">ECIP title page (Thomas Wride) galley (one of the early preachers in John Wesley&apos;s Connexion, Thomas Wride (1733-1807))</subfield>
  </datafield>
  <datafield tag="670" ind1=" " ind2=" ">
    <subfield code="a">Atla RDB, Jan. 2, 2020</subfield>
    <subfield code="b">(subject: Wride, Thomas, 1733-1807)</subfield>
  </datafield>
  <datafield tag="670" ind1=" " ind2=" ">
    <subfield code="a">Proceedings of the Wesley Historical Society (via Google books), 1898:</subfield>
    <subfield code="b">vol. 1, p. 140 (Thomas Wride travelled from 1768 to 1807)</subfield>
  </datafield>
</record>