
<record>
  <leader>00626nz  a2200181n  4500</leader>
  <controlfield tag="001">11257211</controlfield>
  <controlfield tag="003">DLC</controlfield>
  <controlfield tag="005">20200102154258.0</controlfield>
  <controlfield tag="008">200102n| azannaabn          |n aac      </controlfield>
  <datafield tag="010" ind1=" " ind2=" ">
    <subfield code="a">n 2020000155</subfield>
  </datafield>
  <datafield tag="040" ind1=" " ind2=" ">
    <subfield code="a">DLC</subfield>
    <subfield code="b">eng</subfield>
    <subfield code="e">rda</subfield>
    <subfield code="c">DLC</subfield>
  </datafield>
  <datafield tag="100" ind1="1" ind2=" ">
    <subfield code="a">Baluch, Ali-Mohammad</subfield>
  </datafield>
  <datafield tag="370" ind1=" " ind2=" ">
    <subfield code="f">Makran Coast (Iran)</subfield>
    <subfield code="f">Balochistan Region</subfield>
    <subfield code="2">naf</subfield>
  </datafield>
  <datafield tag="372" ind1=" " ind2=" ">
    <subfield code="a">Folk music</subfield>
    <subfield code="2">lcsh</subfield>
  </datafield>
  <datafield tag="374" ind1=" " ind2=" ">
    <subfield code="a">Sorud player</subfield>
  </datafield>
  <datafield tag="374" ind1=" " ind2=" ">
    <subfield code="a">Plucked instrument players</subfield>
    <subfield code="2">lcsh</subfield>
  </datafield>
  <datafield tag="375" ind1=" " ind2=" ">
    <subfield code="a">Males</subfield>
    <subfield code="2">lcdgt</subfield>
  </datafield>
  <datafield tag="670" ind1=" " ind2=" ">
    <subfield code="a">Music of Baluchistan (Makkoran), 2017:</subfield>
    <subfield code="b">container (Ali-Mohammad Baluch, sorud (qeychak); also in Persian; note album is part of the series Regional music of Iran)</subfield>
  </datafield>
</record>