
<record>
  <leader>00763cz  a2200193n  4500</leader>
  <controlfield tag="001">11257212</controlfield>
  <controlfield tag="003">DLC</controlfield>
  <controlfield tag="005">20200102155508.0</controlfield>
  <controlfield tag="008">200102n| azannaabn          |a aaa      </controlfield>
  <datafield tag="010" ind1=" " ind2=" ">
    <subfield code="a">n 2020000157</subfield>
  </datafield>
  <datafield tag="040" ind1=" " ind2=" ">
    <subfield code="a">DLC</subfield>
    <subfield code="b">eng</subfield>
    <subfield code="e">rda</subfield>
    <subfield code="c">DLC</subfield>
  </datafield>
  <datafield tag="046" ind1=" " ind2=" ">
    <subfield code="f">1985</subfield>
    <subfield code="2">edtf</subfield>
  </datafield>
  <datafield tag="100" ind1="1" ind2=" ">
    <subfield code="a">Gouillon, Arnaud,</subfield>
    <subfield code="d">1985-</subfield>
  </datafield>
  <datafield tag="370" ind1=" " ind2=" ">
    <subfield code="a">Grenoble (France)</subfield>
    <subfield code="2">naf</subfield>
  </datafield>
  <datafield tag="373" ind1=" " ind2=" ">
    <subfield code="a">Solidarité Kosovo</subfield>
  </datafield>
  <datafield tag="400" ind1="1" ind2=" ">
    <subfield code="a">Gujon, Arno,</subfield>
    <subfield code="d">1985-</subfield>
  </datafield>
  <datafield tag="670" ind1=" " ind2=" ">
    <subfield code="a">Svi moji putevi vode ka Srbiji, 2017:</subfield>
    <subfield code="b">title page (Arno Gujon) back flap (born 1985 in Grenoble, France)</subfield>
  </datafield>
  <datafield tag="670" ind1=" " ind2=" ">
    <subfield code="a">quora.com, Jan. 2, 2020:</subfield>
    <subfield code="b">(Arno Gujon (Arnaud Gouillon); obtained Serbian nationality in 2015)</subfield>
  </datafield>
  <datafield tag="670" ind1=" " ind2=" ">
    <subfield code="a">breizh-info.com, Jan. 2, 2020:</subfield>
    <subfield code="b">(Arnaud Gouillon, président et fondateur de l&apos;association humanitaire &quot;Solidarité Kosovo&quot;)</subfield>
  </datafield>
</record>