
<record>
  <leader>00438nz  a2200133n  4500</leader>
  <controlfield tag="001">11257213</controlfield>
  <controlfield tag="003">DLC</controlfield>
  <controlfield tag="005">20200102154446.0</controlfield>
  <controlfield tag="008">200102n| azannaabn          |a aaa      </controlfield>
  <datafield tag="010" ind1=" " ind2=" ">
    <subfield code="a">n 2020000159</subfield>
  </datafield>
  <datafield tag="040" ind1=" " ind2=" ">
    <subfield code="a">DLC</subfield>
    <subfield code="b">eng</subfield>
    <subfield code="e">rda</subfield>
    <subfield code="c">DLC</subfield>
  </datafield>
  <datafield tag="100" ind1="1" ind2=" ">
    <subfield code="a">Baum, L. Frank</subfield>
    <subfield code="q">(Lyman Frank),</subfield>
    <subfield code="d">1856-1919.</subfield>
    <subfield code="t">Magic of Oz.</subfield>
    <subfield code="l">Persian</subfield>
  </datafield>
  <datafield tag="400" ind1="1" ind2=" ">
    <subfield code="a">Baum, L. Frank</subfield>
    <subfield code="q">(Lyman Frank),</subfield>
    <subfield code="d">1856-1919.</subfield>
    <subfield code="t">Bāzgasht bih shahr-i zumurrud</subfield>
  </datafield>
  <datafield tag="670" ind1=" " ind2=" ">
    <subfield code="a">Bāzgasht bih shahr-i zumurrud, 1971.</subfield>
  </datafield>
</record>