
<record>
  <leader>00552nz  a2200133n  4500</leader>
  <controlfield tag="001">11257214</controlfield>
  <controlfield tag="003">DLC</controlfield>
  <controlfield tag="005">20200102154526.0</controlfield>
  <controlfield tag="008">200102n| azannaabn           n aaa      </controlfield>
  <datafield tag="010" ind1=" " ind2=" ">
    <subfield code="a">n 2020000158</subfield>
  </datafield>
  <datafield tag="040" ind1=" " ind2=" ">
    <subfield code="a">DLC</subfield>
    <subfield code="b">eng</subfield>
    <subfield code="e">rda</subfield>
    <subfield code="c">DLC</subfield>
  </datafield>
  <datafield tag="100" ind1="1" ind2=" ">
    <subfield code="a">Fjeld, Emily Randall</subfield>
  </datafield>
  <datafield tag="670" ind1=" " ind2=" ">
    <subfield code="a">Louis I. Kahn, 2019:</subfield>
    <subfield code="b">title page (Emily Randall Fjeld) jkt. (Per Olaf Fjeld is professor emeritus at the Oslo School of Architecture and Design; has a studio practice in Oslo with his wife, artist Emily Randall Fjeld)</subfield>
  </datafield>
  <datafield tag="670" ind1=" " ind2=" ">
    <subfield code="a">DBC in VIAF, Jan. 2, 2020</subfield>
    <subfield code="b">(hdg.: Fjeld, Emily Randall)</subfield>
  </datafield>
</record>