
<record>
  <leader>00744nz  a2200205n  4500</leader>
  <controlfield tag="001">11257216</controlfield>
  <controlfield tag="003">DLC</controlfield>
  <controlfield tag="005">20200102155637.0</controlfield>
  <controlfield tag="008">200102n| azannaabn          |a aac      </controlfield>
  <datafield tag="010" ind1=" " ind2=" ">
    <subfield code="a">n 2020000161</subfield>
  </datafield>
  <datafield tag="040" ind1=" " ind2=" ">
    <subfield code="a">DLC</subfield>
    <subfield code="b">eng</subfield>
    <subfield code="e">rda</subfield>
    <subfield code="c">DLC</subfield>
  </datafield>
  <datafield tag="100" ind1="1" ind2=" ">
    <subfield code="a">Baluch Qasr-e Qandi, Golmohammad</subfield>
  </datafield>
  <datafield tag="370" ind1=" " ind2=" ">
    <subfield code="f">Makran Coast (Iran)</subfield>
    <subfield code="f">Balochistan Region</subfield>
    <subfield code="2">naf</subfield>
  </datafield>
  <datafield tag="372" ind1=" " ind2=" ">
    <subfield code="a">Folk music</subfield>
    <subfield code="2">lcsh</subfield>
  </datafield>
  <datafield tag="374" ind1=" " ind2=" ">
    <subfield code="a">Tamburak player</subfield>
  </datafield>
  <datafield tag="374" ind1=" " ind2=" ">
    <subfield code="a">Plucked instrument players</subfield>
    <subfield code="2">lcsh</subfield>
  </datafield>
  <datafield tag="375" ind1=" " ind2=" ">
    <subfield code="a">Males</subfield>
    <subfield code="2">lcdgt</subfield>
  </datafield>
  <datafield tag="400" ind1="1" ind2=" ">
    <subfield code="a">Qasr-e Qandi, Golmohammad Baluch</subfield>
  </datafield>
  <datafield tag="400" ind1="1" ind2=" ">
    <subfield code="a">Qandi, Golmohammad Baluch Qasr-e</subfield>
  </datafield>
  <datafield tag="670" ind1=" " ind2=" ">
    <subfield code="a">Music of Baluchistan (Makkoran), 2017:</subfield>
    <subfield code="b">container (Golmohammad Baluch Qasr-e Qandi, tamburak; also in Persian; note album is part of the series Regional music of Iran)</subfield>
  </datafield>
</record>