
<record>
  <leader>00397cz  a2200145n  4500</leader>
  <controlfield tag="001">11257221</controlfield>
  <controlfield tag="003">DLC</controlfield>
  <controlfield tag="005">20200102160707.0</controlfield>
  <controlfield tag="008">200102n| azannaabn          |a aaa      </controlfield>
  <datafield tag="010" ind1=" " ind2=" ">
    <subfield code="a">n 2020000166</subfield>
  </datafield>
  <datafield tag="040" ind1=" " ind2=" ">
    <subfield code="a">DLC</subfield>
    <subfield code="b">eng</subfield>
    <subfield code="e">rda</subfield>
    <subfield code="c">DLC</subfield>
  </datafield>
  <datafield tag="100" ind1="0" ind2=" ">
    <subfield code="a">Mgr X</subfield>
  </datafield>
  <datafield tag="400" ind1="0" ind2=" ">
    <subfield code="a">X,</subfield>
    <subfield code="c">Mgr</subfield>
  </datafield>
  <datafield tag="400" ind1="0" ind2=" ">
    <subfield code="a">Monseigneur X</subfield>
  </datafield>
  <datafield tag="670" ind1=" " ind2=" ">
    <subfield code="a">Les confessions de Mgr X, 2019:</subfield>
    <subfield code="b">title page (Mgr X) cover page 4 (pseudonym of a French bishop)</subfield>
  </datafield>
</record>