
<record>
  <leader>00413nz  a2200133n  4500</leader>
  <controlfield tag="001">11257222</controlfield>
  <controlfield tag="003">DLC</controlfield>
  <controlfield tag="005">20200102161435.0</controlfield>
  <controlfield tag="008">200102n| azannaabn          |a aaa      </controlfield>
  <datafield tag="010" ind1=" " ind2=" ">
    <subfield code="a">n 2020000167</subfield>
  </datafield>
  <datafield tag="040" ind1=" " ind2=" ">
    <subfield code="a">DLC</subfield>
    <subfield code="b">eng</subfield>
    <subfield code="e">rda</subfield>
    <subfield code="c">DLC</subfield>
  </datafield>
  <datafield tag="100" ind1="1" ind2=" ">
    <subfield code="a">Gouillon, Arnaud,</subfield>
    <subfield code="d">1985-</subfield>
    <subfield code="t">Au coeur de l&apos;engagement.</subfield>
    <subfield code="l">Serbian</subfield>
  </datafield>
  <datafield tag="400" ind1="1" ind2=" ">
    <subfield code="a">Gouillon, Arnaud,</subfield>
    <subfield code="d">1985-</subfield>
    <subfield code="t">Svi moji putevi vode ka Srbiji</subfield>
  </datafield>
  <datafield tag="670" ind1=" " ind2=" ">
    <subfield code="a">Svi moji putevi vode ka Srbiji, 2017.</subfield>
  </datafield>
</record>