
<record>
  <leader>00463nz  a2200145n  4500</leader>
  <controlfield tag="001">11257223</controlfield>
  <controlfield tag="003">DLC</controlfield>
  <controlfield tag="005">20200102161452.0</controlfield>
  <controlfield tag="008">200102n| azannaabn          |b aaa      </controlfield>
  <datafield tag="010" ind1=" " ind2=" ">
    <subfield code="a">n 2020000168</subfield>
  </datafield>
  <datafield tag="040" ind1=" " ind2=" ">
    <subfield code="a">DLC</subfield>
    <subfield code="b">eng</subfield>
    <subfield code="e">rda</subfield>
    <subfield code="c">DLC</subfield>
  </datafield>
  <datafield tag="100" ind1="1" ind2=" ">
    <subfield code="a">Nīkpūr, Ardashīr</subfield>
  </datafield>
  <datafield tag="400" ind1="1" ind2=" ">
    <subfield code="a">‏نيکپور، اردشير</subfield>
  </datafield>
  <datafield tag="667" ind1=" " ind2=" ">
    <subfield code="a">Non-Latin script reference not evaluated.</subfield>
  </datafield>
  <datafield tag="670" ind1=" " ind2=" ">
    <subfield code="a">Ṣawmaʻah-ʼi Pārm, 1971:</subfield>
    <subfield code="b">title page (اردشير نيکپور = Ardashīr Nīkpūr)</subfield>
  </datafield>
</record>