
<record>
  <leader>00386nz  a2200133n  4500</leader>
  <controlfield tag="001">11257224</controlfield>
  <controlfield tag="003">DLC</controlfield>
  <controlfield tag="005">20200102161637.0</controlfield>
  <controlfield tag="008">200102n| azannaabn          |a aaa      </controlfield>
  <datafield tag="010" ind1=" " ind2=" ">
    <subfield code="a">n 2020000169</subfield>
  </datafield>
  <datafield tag="040" ind1=" " ind2=" ">
    <subfield code="a">DLC</subfield>
    <subfield code="b">eng</subfield>
    <subfield code="e">rda</subfield>
    <subfield code="c">DLC</subfield>
  </datafield>
  <datafield tag="100" ind1="0" ind2=" ">
    <subfield code="a">Stendhal,</subfield>
    <subfield code="d">1783-1842.</subfield>
    <subfield code="t">Chartreuse de Parme.</subfield>
    <subfield code="l">Persian</subfield>
  </datafield>
  <datafield tag="400" ind1="0" ind2=" ">
    <subfield code="a">Stendhal,</subfield>
    <subfield code="d">1783-1842.</subfield>
    <subfield code="t">Ṣawmaʻah-ʼi Pārm</subfield>
  </datafield>
  <datafield tag="670" ind1=" " ind2=" ">
    <subfield code="a">Ṣawmaʻah-ʼi Pārm, 1971.</subfield>
  </datafield>
</record>