
<record>
  <leader>01513cz  a2200229n  4500</leader>
  <controlfield tag="001">11257225</controlfield>
  <controlfield tag="003">DLC</controlfield>
  <controlfield tag="005">20200102161848.0</controlfield>
  <controlfield tag="008">200102n| azannaabn          |a aaa      </controlfield>
  <datafield tag="010" ind1=" " ind2=" ">
    <subfield code="a">n 2020000170</subfield>
    <subfield code="z">n  83121296 </subfield>
  </datafield>
  <datafield tag="040" ind1=" " ind2=" ">
    <subfield code="a">DLC</subfield>
    <subfield code="b">eng</subfield>
    <subfield code="e">rda</subfield>
    <subfield code="c">DLC</subfield>
  </datafield>
  <datafield tag="100" ind1="1" ind2=" ">
    <subfield code="a">Hernández Hernández, Agustín</subfield>
  </datafield>
  <datafield tag="370" ind1=" " ind2=" ">
    <subfield code="f">Mexico City (Mexico)</subfield>
    <subfield code="2">naf</subfield>
  </datafield>
  <datafield tag="372" ind1=" " ind2=" ">
    <subfield code="a">Architecture</subfield>
    <subfield code="2">lcsh</subfield>
  </datafield>
  <datafield tag="373" ind1=" " ind2=" ">
    <subfield code="a">Universidad Nacional Autónoma de México. Facultad de Arquitectura</subfield>
    <subfield code="2">naf</subfield>
  </datafield>
  <datafield tag="374" ind1=" " ind2=" ">
    <subfield code="a">Researcher</subfield>
  </datafield>
  <datafield tag="400" ind1="1" ind2=" ">
    <subfield code="a">Hernández, A.</subfield>
    <subfield code="q">(Agustín Hernández Hernández)</subfield>
  </datafield>
  <datafield tag="667" ind1=" " ind2=" ">
    <subfield code="a">Formerly on undifferentiated name record: n  83121296.</subfield>
  </datafield>
  <datafield tag="670" ind1=" " ind2=" ">
    <subfield code="a">III Congreso Internacional Hispanoamericano de Historia de la Construcción, 2019:</subfield>
    <subfield code="b">v. I, t.p. (Agustín Hernández Hernández) p. 464 (A. Hernández) v. II, p. 1168 (Fac. de Arquitectura, Univ. Nac. Aut. de México)</subfield>
  </datafield>
  <datafield tag="670" ind1=" " ind2=" ">
    <subfield code="a">Fernando López Carmona arquitecto, 2010:</subfield>
    <subfield code="b">t.p. (Agustín Hernández Hernández)</subfield>
  </datafield>
  <datafield tag="670" ind1=" " ind2=" ">
    <subfield code="a">Proyecto de corrección geométrica: catedral y sagrario metropolitanos, 2017:</subfield>
    <subfield code="b">title page (Agustín Hernández Hernández)</subfield>
  </datafield>
  <datafield tag="670" ind1=" " ind2=" ">
    <subfield code="a">Univ. Nac. Aut. de México, Fac. de Arquitectura WWW site, viewed Jan. 2, 2020:</subfield>
    <subfield code="b">investigación, CIAUP &gt; directorio de investigadores (Dr. Agustín Hernández Hernández; researcher; doctorate in architecture, master&apos;s in technology of architecture, and licentiate in architecture, all from UNAM; field of research: technology; line of research: structures, restoration; lists publications by him)</subfield>
  </datafield>
</record>