
<record>
  <leader>00717cz  a2200181n  4500</leader>
  <controlfield tag="001">11257227</controlfield>
  <controlfield tag="003">DLC</controlfield>
  <controlfield tag="005">20200102162350.0</controlfield>
  <controlfield tag="008">200102n| azannaabn          |a aaa      </controlfield>
  <datafield tag="010" ind1=" " ind2=" ">
    <subfield code="a">n 2020000172</subfield>
  </datafield>
  <datafield tag="040" ind1=" " ind2=" ">
    <subfield code="a">DLC</subfield>
    <subfield code="b">eng</subfield>
    <subfield code="e">rda</subfield>
    <subfield code="c">DLC</subfield>
  </datafield>
  <datafield tag="100" ind1="1" ind2=" ">
    <subfield code="a">Kohout-Diaz, Magdalena</subfield>
  </datafield>
  <datafield tag="372" ind1=" " ind2=" ">
    <subfield code="a">Inclusive education</subfield>
    <subfield code="2">lcsh</subfield>
  </datafield>
  <datafield tag="373" ind1=" " ind2=" ">
    <subfield code="a">École supérieure du professorat et de l&apos;éducation d&apos;Aquitaine</subfield>
  </datafield>
  <datafield tag="375" ind1=" " ind2=" ">
    <subfield code="a">female</subfield>
  </datafield>
  <datafield tag="377" ind1=" " ind2=" ">
    <subfield code="a">fre</subfield>
  </datafield>
  <datafield tag="400" ind1="1" ind2=" ">
    <subfield code="a">Diaz, Magdalena Kohout-</subfield>
  </datafield>
  <datafield tag="670" ind1=" " ind2=" ">
    <subfield code="a">L&apos;éducation inclusive, 2018:</subfield>
    <subfield code="b">title page (Magdalena Kohout-Diaz) cover page 4 (teacher researcher at École supérieure du professorat et de l&apos;éducation d&apos;Aquitaine (ESPE, Bordeaux) ; has been working on inclusive education for 20 years)</subfield>
  </datafield>
</record>