
<record>
  <leader>00334nz  a2200121n  4500</leader>
  <controlfield tag="001">11257229</controlfield>
  <controlfield tag="003">DLC</controlfield>
  <controlfield tag="005">20200102163752.0</controlfield>
  <controlfield tag="008">200102n| azannaabn          |n ana      </controlfield>
  <datafield tag="010" ind1=" " ind2=" ">
    <subfield code="a">n 2020000174</subfield>
  </datafield>
  <datafield tag="040" ind1=" " ind2=" ">
    <subfield code="a">DLC</subfield>
    <subfield code="b">eng</subfield>
    <subfield code="e">rda</subfield>
    <subfield code="c">DLC</subfield>
  </datafield>
  <datafield tag="110" ind1="2" ind2=" ">
    <subfield code="a">Norteñitos de Ojinaga (Musical group)</subfield>
  </datafield>
  <datafield tag="670" ind1=" " ind2=" ">
    <subfield code="a">Vuela paloma, 1996:</subfield>
    <subfield code="b">label (Norteñitos de Ojinaga)</subfield>
  </datafield>
</record>