
<record>
  <leader>00561nz  a2200157n  4500</leader>
  <controlfield tag="001">11257230</controlfield>
  <controlfield tag="003">DLC</controlfield>
  <controlfield tag="005">20200102164651.0</controlfield>
  <controlfield tag="008">200102n| azannaabn          |b aaa      </controlfield>
  <datafield tag="010" ind1=" " ind2=" ">
    <subfield code="a">n 2020000176</subfield>
  </datafield>
  <datafield tag="040" ind1=" " ind2=" ">
    <subfield code="a">DLC</subfield>
    <subfield code="b">eng</subfield>
    <subfield code="c">DLC</subfield>
    <subfield code="e">rda</subfield>
  </datafield>
  <datafield tag="100" ind1="1" ind2=" ">
    <subfield code="a">Ingber, Y.</subfield>
    <subfield code="t">Minḥat Yosef (Masekhet Berakhot)</subfield>
  </datafield>
  <datafield tag="400" ind1="1" ind2=" ">
    <subfield code="a">Ingber, Y.</subfield>
    <subfield code="t">Sefer Minḥat Yosef</subfield>
  </datafield>
  <datafield tag="400" ind1="1" ind2=" ">
    <subfield code="a">Ingber, Y.</subfield>
    <subfield code="t">ספר מנחת יוסף</subfield>
  </datafield>
  <datafield tag="667" ind1=" " ind2=" ">
    <subfield code="a">Non-Latin script reference not evaluated.</subfield>
  </datafield>
  <datafield tag="670" ind1=" " ind2=" ">
    <subfield code="a">ספר מנחת יוסף = Sefer Minḥat Yosef, 2018:</subfield>
    <subfield code="b">t.p. (על מסכת ברכות = ʻal Masekhet Berakhot)</subfield>
  </datafield>
</record>