
<record>
  <leader>00409nz  a2200133n  4500</leader>
  <controlfield tag="001">11257231</controlfield>
  <controlfield tag="003">DLC</controlfield>
  <controlfield tag="005">20200102164701.0</controlfield>
  <controlfield tag="008">200102n| azannaabn          |a aaa      </controlfield>
  <datafield tag="010" ind1=" " ind2=" ">
    <subfield code="a">n 2020000175</subfield>
  </datafield>
  <datafield tag="040" ind1=" " ind2=" ">
    <subfield code="a">DLC</subfield>
    <subfield code="b">eng</subfield>
    <subfield code="e">rda</subfield>
    <subfield code="c">DLC</subfield>
  </datafield>
  <datafield tag="100" ind1="1" ind2=" ">
    <subfield code="a">Clifton, Mark,</subfield>
    <subfield code="d">1906-1963.</subfield>
    <subfield code="t">Short stories.</subfield>
    <subfield code="k">Selections</subfield>
  </datafield>
  <datafield tag="400" ind1="1" ind2=" ">
    <subfield code="a">Clifton, Mark,</subfield>
    <subfield code="d">1906-1963.</subfield>
    <subfield code="t">What have I done?</subfield>
  </datafield>
  <datafield tag="670" ind1=" " ind2=" ">
    <subfield code="a">What have I done?, 2020:</subfield>
    <subfield code="b">ECIP t.p. (Mark Clifton)</subfield>
  </datafield>
</record>