
<record>
  <leader>00341nz  a2200121n  4500</leader>
  <controlfield tag="001">11257235</controlfield>
  <controlfield tag="003">DLC</controlfield>
  <controlfield tag="005">20200102170355.0</controlfield>
  <controlfield tag="008">200102n| azannaabn          |n aaa      </controlfield>
  <datafield tag="010" ind1=" " ind2=" ">
    <subfield code="a">n 2020000180</subfield>
  </datafield>
  <datafield tag="040" ind1=" " ind2=" ">
    <subfield code="a">DLC</subfield>
    <subfield code="b">e ng</subfield>
    <subfield code="e">rda</subfield>
    <subfield code="c">DLC</subfield>
  </datafield>
  <datafield tag="100" ind1="1" ind2=" ">
    <subfield code="a">Tatum, Mark H.</subfield>
  </datafield>
  <datafield tag="670" ind1=" " ind2=" ">
    <subfield code="a">A closer look at political communication, 2019:</subfield>
    <subfield code="b">title page (Mark H. Tatum, editor)</subfield>
  </datafield>
</record>