
<record>
  <leader>00430cz  a2200121n  4500</leader>
  <controlfield tag="001">11257236</controlfield>
  <controlfield tag="003">DLC</controlfield>
  <controlfield tag="005">20200102171010.0</controlfield>
  <controlfield tag="008">200102n| azannaabn          |n aaa      </controlfield>
  <datafield tag="010" ind1=" " ind2=" ">
    <subfield code="a">n 2020000181</subfield>
  </datafield>
  <datafield tag="040" ind1=" " ind2=" ">
    <subfield code="a">DLC</subfield>
    <subfield code="b">eng</subfield>
    <subfield code="e">rda</subfield>
    <subfield code="c">DLC</subfield>
  </datafield>
  <datafield tag="100" ind1="1" ind2=" ">
    <subfield code="a">Westmoreland, Peter</subfield>
  </datafield>
  <datafield tag="670" ind1=" " ind2=" ">
    <subfield code="a">Silence, Implicite et Non-Dit chez Rousseau, 2020:</subfield>
    <subfield code="b">ECIP t.p. (Peter Westmoreland) data view (Senior Lecturer in the Philosophy Department at the University of Florida)</subfield>
  </datafield>
</record>