
<record>
  <leader>00432nz  a2200157n  4500</leader>
  <controlfield tag="001">11257237</controlfield>
  <controlfield tag="003">DLC</controlfield>
  <controlfield tag="005">20200102171036.0</controlfield>
  <controlfield tag="008">200102n| azannaabn          |a aaa      </controlfield>
  <datafield tag="010" ind1=" " ind2=" ">
    <subfield code="a">n 2020000182</subfield>
  </datafield>
  <datafield tag="040" ind1=" " ind2=" ">
    <subfield code="a">DLC</subfield>
    <subfield code="c">DLC</subfield>
    <subfield code="e">rda</subfield>
  </datafield>
  <datafield tag="100" ind1="1" ind2=" ">
    <subfield code="a">Molina Barraza, Jesús Armando</subfield>
  </datafield>
  <datafield tag="375" ind1=" " ind2=" ">
    <subfield code="a">male</subfield>
  </datafield>
  <datafield tag="377" ind1=" " ind2=" ">
    <subfield code="a">spa</subfield>
  </datafield>
  <datafield tag="400" ind1="1" ind2=" ">
    <subfield code="a">Barraza, Jesús Armando Molina</subfield>
  </datafield>
  <datafield tag="670" ind1=" " ind2=" ">
    <subfield code="a">La balada de Billy Ray, 2019:</subfield>
    <subfield code="b">title page (Jesús Armando Molina Barraza)</subfield>
  </datafield>
</record>