
<record>
  <leader>00803cz  a2200193n  4500</leader>
  <controlfield tag="001">11257238</controlfield>
  <controlfield tag="003">DLC</controlfield>
  <controlfield tag="005">20200102172434.0</controlfield>
  <controlfield tag="008">200102n| azannaabn          |a ana      </controlfield>
  <datafield tag="010" ind1=" " ind2=" ">
    <subfield code="a">n 2020000183</subfield>
  </datafield>
  <datafield tag="040" ind1=" " ind2=" ">
    <subfield code="a">DLC</subfield>
    <subfield code="b">eng</subfield>
    <subfield code="e">rda</subfield>
    <subfield code="c">DLC</subfield>
  </datafield>
  <datafield tag="110" ind1="2" ind2=" ">
    <subfield code="a">DEVIDA (Agency : Peru).</subfield>
    <subfield code="b">Observatorio Peruano de Drogas</subfield>
  </datafield>
  <datafield tag="368" ind1=" " ind2=" ">
    <subfield code="a">Government agency</subfield>
  </datafield>
  <datafield tag="370" ind1=" " ind2=" ">
    <subfield code="e">Lima (Peru)</subfield>
    <subfield code="2">naf</subfield>
  </datafield>
  <datafield tag="371" ind1=" " ind2=" ">
    <subfield code="m">devida@devida.gob.pe</subfield>
  </datafield>
  <datafield tag="377" ind1=" " ind2=" ">
    <subfield code="a">spa</subfield>
  </datafield>
  <datafield tag="410" ind1="2" ind2=" ">
    <subfield code="a">OPD</subfield>
  </datafield>
  <datafield tag="670" ind1=" " ind2=" ">
    <subfield code="a">Estudio del impacto social y económico del consumo de drogas en el Perú, 2010:</subfield>
    <subfield code="b">title page (Observatorio Peruano de Drogas, DEVIDA) title page verso (Observatorio Peruano de Drogas OPD; located in Lima, Peru)</subfield>
  </datafield>
  <datafield tag="670" ind1=" " ind2=" ">
    <subfield code="a">DEVIDA website, January 2, 2020:</subfield>
    <subfield code="b">(Observatorio Peruano de Drogas of DEVIDA; devida@devida.gob.pe)</subfield>
    <subfield code="u">https://www.devida.gob.pe/en/opd</subfield>
  </datafield>
</record>