
<record>
  <leader>00607nz  a2200145n  4500</leader>
  <controlfield tag="001">11257239</controlfield>
  <controlfield tag="003">DLC</controlfield>
  <controlfield tag="005">20200102173413.0</controlfield>
  <controlfield tag="008">200102n| azannaabn          |n ana      </controlfield>
  <datafield tag="010" ind1=" " ind2=" ">
    <subfield code="a">n 2020000185</subfield>
  </datafield>
  <datafield tag="040" ind1=" " ind2=" ">
    <subfield code="a">DLC</subfield>
    <subfield code="c">DLC</subfield>
    <subfield code="e">rda</subfield>
  </datafield>
  <datafield tag="111" ind1="2" ind2=" ">
    <subfield code="a">Fórum Brasileiro de Educação Ambiental</subfield>
    <subfield code="n">(5th :</subfield>
    <subfield code="d">2004 :</subfield>
    <subfield code="c">Goiânia, Brazil)</subfield>
  </datafield>
  <datafield tag="370" ind1=" " ind2=" ">
    <subfield code="a">Goiânia, Brazil</subfield>
  </datafield>
  <datafield tag="670" ind1=" " ind2=" ">
    <subfield code="a">Década da educação para o desenvolvimento sustentável, 2005:</subfield>
    <subfield code="b">title page (Fórum Brasileiro de Educação Ambiental)</subfield>
  </datafield>
  <datafield tag="670" ind1=" " ind2=" ">
    <subfield code="a">Rebea home page, viewed Jan. 2, 2020</subfield>
    <subfield code="b">(V Fórum Brasileiro de Educação Ambiental, Goiânia, Brazil, 2004)</subfield>
  </datafield>
</record>