
<record>
  <leader>00411nz  a2200133n  4500</leader>
  <controlfield tag="001">11257240</controlfield>
  <controlfield tag="003">DLC</controlfield>
  <controlfield tag="005">20200102173856.0</controlfield>
  <controlfield tag="008">200102n| azannaabn          |n aaa      </controlfield>
  <datafield tag="010" ind1=" " ind2=" ">
    <subfield code="a">n 2020000186</subfield>
  </datafield>
  <datafield tag="040" ind1=" " ind2=" ">
    <subfield code="a">DLC</subfield>
    <subfield code="b">eng</subfield>
    <subfield code="e">rda</subfield>
    <subfield code="c">DLC</subfield>
  </datafield>
  <datafield tag="046" ind1=" " ind2=" ">
    <subfield code="f">1952</subfield>
    <subfield code="2">edtf</subfield>
  </datafield>
  <datafield tag="100" ind1="1" ind2=" ">
    <subfield code="a">Stanišić, Milovan,</subfield>
    <subfield code="d">1952-</subfield>
  </datafield>
  <datafield tag="670" ind1=" " ind2=" ">
    <subfield code="a">Metodologija revizije, 2016:</subfield>
    <subfield code="b">title page (Milovan Stanišić) Serbian CIP data (Stanišić, Milovan, 1952- )</subfield>
  </datafield>
</record>