
<record>
  <leader>00394nz  a2200133n  4500</leader>
  <controlfield tag="001">11257241</controlfield>
  <controlfield tag="003">DLC</controlfield>
  <controlfield tag="005">20200102174742.0</controlfield>
  <controlfield tag="008">200102n| azannaabn          |n aaa      </controlfield>
  <datafield tag="010" ind1=" " ind2=" ">
    <subfield code="a">n 2020000187</subfield>
  </datafield>
  <datafield tag="040" ind1=" " ind2=" ">
    <subfield code="a">DLC</subfield>
    <subfield code="b">eng</subfield>
    <subfield code="c">DLC</subfield>
    <subfield code="e">rda</subfield>
  </datafield>
  <datafield tag="100" ind1="1" ind2=" ">
    <subfield code="a">Oganezov, Grisha</subfield>
  </datafield>
  <datafield tag="670" ind1=" " ind2=" ">
    <subfield code="a">Samooborona armi︠a︡n Kirovabada v 1988-1989 gg. glazami ochevidt︠s︡ev, 2014:</subfield>
    <subfield code="b">title page (Grisha Oganezov)</subfield>
  </datafield>
  <datafield tag="953" ind1=" " ind2=" ">
    <subfield code="a">cd24</subfield>
  </datafield>
</record>