
<record>
  <leader>00376nz  a2200133n  4500</leader>
  <controlfield tag="001">11257242</controlfield>
  <controlfield tag="003">DLC</controlfield>
  <controlfield tag="005">20200102180105.0</controlfield>
  <controlfield tag="008">200102n| azannaabn           a aaa      </controlfield>
  <datafield tag="010" ind1=" " ind2=" ">
    <subfield code="a">n 2020000188</subfield>
  </datafield>
  <datafield tag="040" ind1=" " ind2=" ">
    <subfield code="a">DLC</subfield>
    <subfield code="b">eng</subfield>
    <subfield code="e">rda</subfield>
    <subfield code="c">DLC</subfield>
  </datafield>
  <datafield tag="100" ind1="1" ind2=" ">
    <subfield code="a">Clayton, Tim.</subfield>
    <subfield code="t">This dark business</subfield>
  </datafield>
  <datafield tag="400" ind1="1" ind2=" ">
    <subfield code="a">Clayton, Tim.</subfield>
    <subfield code="t">The secret war against Napoleon</subfield>
  </datafield>
  <datafield tag="670" ind1=" " ind2=" ">
    <subfield code="a">The secret war against Napoleon, 2019</subfield>
  </datafield>
</record>