
<record>
  <leader>00478nz  a2200133n  4500</leader>
  <controlfield tag="001">11257243</controlfield>
  <controlfield tag="003">DLC</controlfield>
  <controlfield tag="005">20200102182124.0</controlfield>
  <controlfield tag="008">200102n| azannaabn          |a aaa      </controlfield>
  <datafield tag="010" ind1=" " ind2=" ">
    <subfield code="a">n 2020000189</subfield>
  </datafield>
  <datafield tag="040" ind1=" " ind2=" ">
    <subfield code="a">DLC</subfield>
    <subfield code="b">eng</subfield>
    <subfield code="e">rda</subfield>
    <subfield code="c">DLC</subfield>
  </datafield>
  <datafield tag="100" ind1="1" ind2=" ">
    <subfield code="a">Zwierzchowski, Sarah</subfield>
  </datafield>
  <datafield tag="400" ind1="1" ind2=" ">
    <subfield code="a">Zwierzchowski, Flowers in the wall</subfield>
  </datafield>
  <datafield tag="670" ind1=" " ind2=" ">
    <subfield code="a">Flowers in the wall, 2017:</subfield>
    <subfield code="b">page 360 (Sarah Zwierzchowski has worked as a research assistant, teaching assistant, and translator in the field of history since 2013)</subfield>
  </datafield>
</record>