
<record>
  <leader>00392cz  a2200145n  4500</leader>
  <controlfield tag="001">11257244</controlfield>
  <controlfield tag="003">DLC</controlfield>
  <controlfield tag="005">20200102183025.0</controlfield>
  <controlfield tag="008">200102n| azannaabn          |n aaa      </controlfield>
  <datafield tag="010" ind1=" " ind2=" ">
    <subfield code="a">n 2020000190</subfield>
  </datafield>
  <datafield tag="040" ind1=" " ind2=" ">
    <subfield code="a">DLC</subfield>
    <subfield code="b">eng</subfield>
    <subfield code="e">rda</subfield>
    <subfield code="c">DLC</subfield>
  </datafield>
  <datafield tag="100" ind1="1" ind2=" ">
    <subfield code="a">Baldwin, Timothy R.</subfield>
  </datafield>
  <datafield tag="370" ind1=" " ind2=" ">
    <subfield code="e">Maryland</subfield>
  </datafield>
  <datafield tag="670" ind1=" " ind2=" ">
    <subfield code="a">Camp Lenape, 2019:</subfield>
    <subfield code="b">title page (Timothy R. Baldwin)  end notes (resides in Maryland)</subfield>
  </datafield>
  <datafield tag="953" ind1=" " ind2=" ">
    <subfield code="a">xk09</subfield>
  </datafield>
</record>