
<record>
  <leader>00378cz  a2200121n  4500</leader>
  <controlfield tag="001">11257245</controlfield>
  <controlfield tag="003">DLC</controlfield>
  <controlfield tag="005">20200102184346.0</controlfield>
  <controlfield tag="008">200102n| azannaabn          |n ana      </controlfield>
  <datafield tag="010" ind1=" " ind2=" ">
    <subfield code="a">n 2020000192</subfield>
  </datafield>
  <datafield tag="040" ind1=" " ind2=" ">
    <subfield code="a">DLC</subfield>
    <subfield code="b">eng</subfield>
    <subfield code="e">rda</subfield>
    <subfield code="c">DLC</subfield>
  </datafield>
  <datafield tag="110" ind1="2" ind2=" ">
    <subfield code="a">Too Many Legs Animation Studios, Inc.</subfield>
  </datafield>
  <datafield tag="670" ind1=" " ind2=" ">
    <subfield code="a">Hopkins uses the potty, 2011:</subfield>
    <subfield code="b">title page (illustrations by Too Many Legs Animation Studios, Inc.)</subfield>
  </datafield>
</record>