
<record>
  <leader>00469cz  a2200133n  4500</leader>
  <controlfield tag="001">11257246</controlfield>
  <controlfield tag="003">DLC</controlfield>
  <controlfield tag="005">20200102184901.0</controlfield>
  <controlfield tag="008">200102n| azannaabn          |n aaa      </controlfield>
  <datafield tag="010" ind1=" " ind2=" ">
    <subfield code="a">n 2020000193</subfield>
  </datafield>
  <datafield tag="040" ind1=" " ind2=" ">
    <subfield code="a">DLC</subfield>
    <subfield code="b">eng</subfield>
    <subfield code="e">rda</subfield>
    <subfield code="c">DLC</subfield>
  </datafield>
  <datafield tag="100" ind1="1" ind2=" ">
    <subfield code="a">Woodworth, Michael</subfield>
  </datafield>
  <datafield tag="670" ind1=" " ind2=" ">
    <subfield code="a">The crab, 2019:</subfield>
    <subfield code="b">title page (Michael Woodworth) jacket flap (During his 42 year legal careeer, Michael represented numerous individuals elected to manage Michigan&apos;s fresh water resources)</subfield>
  </datafield>
  <datafield tag="953" ind1=" " ind2=" ">
    <subfield code="a">xk09</subfield>
  </datafield>
</record>