
<record>
  <leader>00374cz  a2200133n  4500</leader>
  <controlfield tag="001">11257247</controlfield>
  <controlfield tag="003">DLC</controlfield>
  <controlfield tag="005">20200102185018.0</controlfield>
  <controlfield tag="008">200102n| azannaabn          |n aaa      </controlfield>
  <datafield tag="010" ind1=" " ind2=" ">
    <subfield code="a">n 2020000194</subfield>
  </datafield>
  <datafield tag="040" ind1=" " ind2=" ">
    <subfield code="a">DLC</subfield>
    <subfield code="b">eng</subfield>
    <subfield code="e">rda</subfield>
    <subfield code="c">DLC</subfield>
  </datafield>
  <datafield tag="100" ind1="1" ind2=" ">
    <subfield code="a">Ferland, Morgan</subfield>
  </datafield>
  <datafield tag="370" ind1=" " ind2=" ">
    <subfield code="e">Michigan</subfield>
  </datafield>
  <datafield tag="670" ind1=" " ind2=" ">
    <subfield code="a">The crab, 2019:</subfield>
    <subfield code="b">title page (ilustrated by Morgan Ferland)  jacket flap (lives in Michigan)</subfield>
  </datafield>
</record>