
<record>
  <leader>01255nz  a2200241n  4500</leader>
  <controlfield tag="001">11257249</controlfield>
  <controlfield tag="003">DLC</controlfield>
  <controlfield tag="005">20200102222922.0</controlfield>
  <controlfield tag="008">200102n| azannaabn          |a aaa      </controlfield>
  <datafield tag="010" ind1=" " ind2=" ">
    <subfield code="a">n 2020220001</subfield>
  </datafield>
  <datafield tag="040" ind1=" " ind2=" ">
    <subfield code="a">DLC</subfield>
    <subfield code="b">eng</subfield>
    <subfield code="c">DLC</subfield>
    <subfield code="e">rda</subfield>
  </datafield>
  <datafield tag="100" ind1="1" ind2=" ">
    <subfield code="a">Pamungkas, Adjie</subfield>
  </datafield>
  <datafield tag="370" ind1=" " ind2=" ">
    <subfield code="c">Indonesia</subfield>
  </datafield>
  <datafield tag="371" ind1=" " ind2=" ">
    <subfield code="m">adjie@urplan.its.ac.id</subfield>
  </datafield>
  <datafield tag="372" ind1=" " ind2=" ">
    <subfield code="a">Coastal zone management</subfield>
    <subfield code="2">lcsh</subfield>
  </datafield>
  <datafield tag="373" ind1=" " ind2=" ">
    <subfield code="a">Institut Teknologi Bandung. Jurusan Planologi</subfield>
    <subfield code="2">naf</subfield>
  </datafield>
  <datafield tag="373" ind1=" " ind2=" ">
    <subfield code="a">University of Queensland. Development Planning</subfield>
    <subfield code="a">RMIT University. School of Global Study, Social Science, and Planning</subfield>
    <subfield code="a">Institut Teknologi 10 Nopember (Surabaya, Indonesia). Jurusan Perencanaan Wilayah dan Kota</subfield>
  </datafield>
  <datafield tag="374" ind1=" " ind2=" ">
    <subfield code="a">College teachers</subfield>
    <subfield code="2">lcsh</subfield>
  </datafield>
  <datafield tag="375" ind1=" " ind2=" ">
    <subfield code="a">male</subfield>
  </datafield>
  <datafield tag="377" ind1=" " ind2=" ">
    <subfield code="a">ind</subfield>
  </datafield>
  <datafield tag="400" ind1="0" ind2=" ">
    <subfield code="a">Adjie Pamungkas</subfield>
  </datafield>
  <datafield tag="400" ind1="1" ind2=" ">
    <subfield code="a">Pamungkas, Ajie</subfield>
  </datafield>
  <datafield tag="670" ind1=" " ind2=" ">
    <subfield code="a">Perencanaan kawasan pesisir terpadu di Indonesia, 2017:</subfield>
    <subfield code="b">t.p. (Adjie Pamungkas) p. 210 (grad. Jur. Perencanaan Wilayah dan Kota, Inst. Teknologi Bandung; master&apos;s of Development Plannning, Univ. of Queensland; Ph.D., School of Global Study, Social Science, and Planning, RMIT Univ. Australia; lecturer at Jur. Perencanaan Wilayah dan Kota, Inst. Teknologi Sepuluh Nopember; field of activity: coastal zone management; email: adjie@urplan.its.ac.id)</subfield>
  </datafield>
</record>