
<record>
  <leader>01067nz  a2200217n  4500</leader>
  <controlfield tag="001">11257250</controlfield>
  <controlfield tag="003">DLC</controlfield>
  <controlfield tag="005">20200102223929.0</controlfield>
  <controlfield tag="008">200102n| azannaabn          |a aaa      </controlfield>
  <datafield tag="010" ind1=" " ind2=" ">
    <subfield code="a">n 2020220002</subfield>
  </datafield>
  <datafield tag="040" ind1=" " ind2=" ">
    <subfield code="a">DLC</subfield>
    <subfield code="b">eng</subfield>
    <subfield code="c">DLC</subfield>
    <subfield code="e">rda</subfield>
  </datafield>
  <datafield tag="100" ind1="1" ind2=" ">
    <subfield code="a">Rahmawati, Dian,</subfield>
    <subfield code="d">1982-</subfield>
  </datafield>
  <datafield tag="370" ind1=" " ind2=" ">
    <subfield code="a">Surabaya (Indonesia)</subfield>
    <subfield code="2">naf</subfield>
  </datafield>
  <datafield tag="371" ind1=" " ind2=" ">
    <subfield code="m">dnrahmawati@gmail.com</subfield>
  </datafield>
  <datafield tag="372" ind1=" " ind2=" ">
    <subfield code="a">Coastal zone management</subfield>
    <subfield code="2">lcsh</subfield>
  </datafield>
  <datafield tag="373" ind1=" " ind2=" ">
    <subfield code="a">Institut Teknologi 10 Nopember (Surabaya, Indonesia). Jurusan Perencanaan Kota dan Wilayah</subfield>
    <subfield code="a">Institut Teknologi 10 Nopember (Surabaya, Indonesia). Jurusan Arsitektur</subfield>
  </datafield>
  <datafield tag="374" ind1=" " ind2=" ">
    <subfield code="a">College teachers</subfield>
    <subfield code="2">lcsh</subfield>
  </datafield>
  <datafield tag="375" ind1=" " ind2=" ">
    <subfield code="a">female</subfield>
  </datafield>
  <datafield tag="377" ind1=" " ind2=" ">
    <subfield code="a">ind</subfield>
  </datafield>
  <datafield tag="400" ind1="0" ind2=" ">
    <subfield code="a">Dian Rahmawati,</subfield>
    <subfield code="d">1982-</subfield>
  </datafield>
  <datafield tag="670" ind1=" " ind2=" ">
    <subfield code="a">Perencanaan kawasan pesisir terpadu di Indonesia, 2017:</subfield>
    <subfield code="b">t.p. (Dian Rahmawati) p. 210, etc. (Dian Rahmawati, S.T., M.T.; b. June 7, 1982 in Surabaya; lecturer at Jur. Perencanaan Kota dan Wilayah, Inst. Teknologi Sepuluh Nopember; researcher; grad. Jur. Arsitektur, Inst. Teknologi Sepuluh Nopember; field of activity: coastal zone management; email: dnrahmawati@gmail.com)</subfield>
  </datafield>
</record>