
<record>
  <leader>00729nz  a2200193n  4500</leader>
  <controlfield tag="001">11257251</controlfield>
  <controlfield tag="003">DLC</controlfield>
  <controlfield tag="005">20200102233145.0</controlfield>
  <controlfield tag="008">200102n| azannaabn          |a aaa      </controlfield>
  <datafield tag="010" ind1=" " ind2=" ">
    <subfield code="a">n 2020220003</subfield>
  </datafield>
  <datafield tag="040" ind1=" " ind2=" ">
    <subfield code="a">DLC</subfield>
    <subfield code="b">eng</subfield>
    <subfield code="c">DLC</subfield>
    <subfield code="e">rda</subfield>
  </datafield>
  <datafield tag="100" ind1="1" ind2=" ">
    <subfield code="a">Buana, Mirza Satria</subfield>
  </datafield>
  <datafield tag="370" ind1=" " ind2=" ">
    <subfield code="c">Indonesia</subfield>
  </datafield>
  <datafield tag="373" ind1=" " ind2=" ">
    <subfield code="a">Universitas Lambung Mangkurat. Fakultas Hukum</subfield>
    <subfield code="a">Universitas Islam Indonesia</subfield>
    <subfield code="a">University of Queensland</subfield>
    <subfield code="2">naf</subfield>
  </datafield>
  <datafield tag="374" ind1=" " ind2=" ">
    <subfield code="a">College teachers</subfield>
    <subfield code="2">lcsh</subfield>
  </datafield>
  <datafield tag="375" ind1=" " ind2=" ">
    <subfield code="a">male</subfield>
  </datafield>
  <datafield tag="377" ind1=" " ind2=" ">
    <subfield code="a">ind</subfield>
  </datafield>
  <datafield tag="400" ind1="0" ind2=" ">
    <subfield code="a">Mirza Satria Buana</subfield>
  </datafield>
  <datafield tag="670" ind1=" " ind2=" ">
    <subfield code="a">Pancasila dalam pusaran globalisasi, 2017:</subfield>
    <subfield code="b">t.p. (Mirza Satria Buana, S.H., M.H., Ph.D.) cover p. 4 (Sarjana Hukum, Univ. Lambung Mangkurat; M.H., Univ. Islam Indonesia; Ph.D., Univ. Queensland; lecturer)</subfield>
  </datafield>
</record>