
<record>
  <leader>00855nz  a2200205n  4500</leader>
  <controlfield tag="001">11257252</controlfield>
  <controlfield tag="003">DLC</controlfield>
  <controlfield tag="005">20200102233719.0</controlfield>
  <controlfield tag="008">200102n| azannaabn          |a aaa      </controlfield>
  <datafield tag="010" ind1=" " ind2=" ">
    <subfield code="a">n 2020220004</subfield>
  </datafield>
  <datafield tag="040" ind1=" " ind2=" ">
    <subfield code="a">DLC</subfield>
    <subfield code="b">eng</subfield>
    <subfield code="c">DLC</subfield>
    <subfield code="e">rda</subfield>
  </datafield>
  <datafield tag="100" ind1="1" ind2=" ">
    <subfield code="a">Wardaya, Manunggal Kusuma,</subfield>
    <subfield code="d">1975-</subfield>
  </datafield>
  <datafield tag="370" ind1=" " ind2=" ">
    <subfield code="c">Indonesia</subfield>
  </datafield>
  <datafield tag="373" ind1=" " ind2=" ">
    <subfield code="a">Universitas Jenderal Soedirman. Fakultas Hukum</subfield>
    <subfield code="a">Monash University</subfield>
    <subfield code="2">lcsh</subfield>
  </datafield>
  <datafield tag="374" ind1=" " ind2=" ">
    <subfield code="a">College teachers</subfield>
    <subfield code="2">lcsh</subfield>
  </datafield>
  <datafield tag="375" ind1=" " ind2=" ">
    <subfield code="a">male</subfield>
  </datafield>
  <datafield tag="377" ind1=" " ind2=" ">
    <subfield code="a">ind</subfield>
  </datafield>
  <datafield tag="400" ind1="0" ind2=" ">
    <subfield code="a">Manunggal Kusuma Wardaya,</subfield>
    <subfield code="d">1975-</subfield>
  </datafield>
  <datafield tag="670" ind1=" " ind2=" ">
    <subfield code="a">Pancasila dalam pusaran globalisasi, 2017:</subfield>
    <subfield code="b">t.p. (Manunggal Kusuma Wardaya, S.H., LL.M.) cover p. 4 (Sarjana Hukum, Univ. Jenderal Soedirman; LL.M., Univ. Monash; lecturer at Fak. Hukum, Univ. Jenderal Soedirman)</subfield>
  </datafield>
  <datafield tag="670" ind1=" " ind2=" ">
    <subfield code="a">OCLC database, Jan. 3, 2020</subfield>
    <subfield code="b">(AU@ access point: Wardaya, Manunggal K., 1975- ; usage: Manunggal K. Wardaya)</subfield>
  </datafield>
</record>
</collection>
